3309 5167
875 418 915 482 18

377 605 405 672 si
427 606 557 686 lenitur,
581 629 661 693 opus
686 612 805 671 restat:
826 605 931 690 magis
952 604 1059 669 uritur
1081 603 1150 670 illic

377 712 592 796 sollicitatque
615 711 718 795 magis
740 709 850 773 uicina
871 708 1021 773 incendia
1044 731 1158 772 saxum

376 824 527 901 certaque
549 822 706 879 uenturae
728 812 911 899 praemittit
932 812 1068 898 pignora
1089 813 1247 880 flammae

375 939 452 980 nam
474 917 570 980 simul
592 924 691 1001 atque
713 923 824 982 mouet
846 914 926 980 uiris
947 915 1143 1001 turbamque
1166 917 1310 992 minatus

376 1121 506 1208 diffugit
527 1123 753 1212 extemploque
776 1124 881 1187 solum
903 1123 1004 1188 trahit
1026 1123 1155 1209 ictaque
1176 1123 1327 1207 ¹l·ramis†

376 1235 409 1293 et
432 1250 531 1314 graue
555 1228 616 1292 sub
640 1235 726 1292 terra
748 1249 896 1291 murmur
917 1227 1116 1292 demonstrat
1137 1234 1172 1291 et
1193 1227 1292 1312 ignes.
1375 1313 1381 1320 .

374 1339 446 1395 tum
467 1331 625 1416 pauidum
647 1331 756 1416 fugere
779 1339 813 1395 et
837 1330 932 1394 sacris
955 1330 1128 1394 concedere
1150 1331 1246 1395 rebus

373 1457 432 1521 par
455 1431 574 1499 eritz‘e
597 1443 670 1500 tuto
692 1433 907 1519 speculaberis
930 1432 1040 1496 omnia
1061 1433 1145 1497 colli.

373 1561 450 1602 nam
472 1538 580 1602 subito
601 1537 760 1624 efferuent
782 1537 939 1600 honerosa
959 1535 1109 1599 incendia
1129 1536 1248 1621 raptis:

372 1663 523 1705 accensae
545 1640 685 1705 subeunt
707 1640 808 1704 moles
831 1647 1029 1724 truncaeque
1051 1640 1179 1706 ruinae.

371 1743 568 1828 prouoluunt
590 1751 689 1828 atque
711 1751 783 1808 atra
804 1751 921 1808 sonant
943 1743 1092 1808 examina
1114 1745 1262 1809 harenae.

371 1846 460 1910 illinc
481 1847 623 1910 incertae
644 1845 741 1909 facies
762 1843 997 1931 hominumque
1019 1846 1160 1931 figurae:
1337 1829 1340 1835 ¹

370 1970 444 2033 pars
465 1949 611 2034 lapidum
633 1948 796 2026 domitast
821 1947 938 2013 stantis
960 1970 1034 2033 pars
1056 1949 1169 2013 robore
1191 1965 1332 2034 puguae'

369 2076 429 2118 nec
450 2053 565 2138 recipit
587 2053 734 2117 flammas
756 2051 817 2128 hic,
841 2053 895 2116 hic
914 2053 1057 2117 defessus
1079 2054 1210 2117 anhelat
1222 2077 1230 2134 ;

368 2164 470 2239 utque
493 2155 597 2240 aperit
620 2178 653 2219 se
676 2154 785 2232 hostie,
809 2154 965 2218 decrescit
988 2154 1121 2239 spiritus
1142 2154 1230 2218 illic:

369 2257 457 2322 haud
479 2258 574 2322 aliter
596 2280 694 2343 quam
716 2280 790 2322 cum
813 2257 899 2326 laeto
922 2257 1052 2322 deuicta
1073 2267 1205 2343 tropaeo

368 2382 469 2445 prona
490 2361 574 2426 iacet
596 2361 718 2447 campis
740 2361 824 2425 acies
847 2369 881 2426 et
903 2370 1007 2426 castra
1028 2361 1089 2425 sub
1111 2362 1188 2446 ipsa

367 2470 441 2526 tum
462 2464 489 2526 si
511 2463 583 2548 quis
604 2464 750 2548 lapidum
773 2485 899 2528 summo
920 2464 1085 2548 pertahuit
1108 2464 1185 2548 igni,

367 2565 506 2648 asperior
528 2565 659 2650 species
683 2573 716 2630 et
739 2565 900 2651 quaedam
922 2566 1051 2631 sordida
1072 2567 1146 2632 faex
1168 2574 1219 2632 est

367 2666 497 2750 qualem
518 2675 656 2752 purgato
678 2691 792 2732 cernas
815 2668 961 2733 desidere
983 2669 1076 2736 ferro

365 2792 482 2835 uerum
503 2773 560 2836 ubi
582 2773 741 2858 paulatim
764 2773 880 2839 exiluit
901 2775 1029 2839 sublata
1050 2773 1177 2840 caducis

365 2874 529 2961 congeries
551 2877 643 2955 saxis,
667 2887 805 2964 angusto
828 2878 952 2944 uertice
974 2887 1120 2964 surgunt.

366 2977 412 3042 sic
433 2980 525 3045 uelut
547 2979 581 3044 in
603 2981 730 3047 fornace
751 2983 834 3068 lapis
855 2991 997 3048 torretur
1018 2991 1052 3048 et
1075 2982 1179 3047 omnis

364 3085 497 3142 exustus
519 3079 649 3164 penitus
672 3081 764 3145 uenis
787 3081 875 3146 subit
897 3079 996 3145 altius
1016 3080 1152 3144 humor:

364 3182 488 3246 amissis
514 3184 629 3269 opibus
653 3185 736 3249 leuis
760 3193 793 3250 et
818 3185 888 3250 sine
912 3186 1054 3271 pondere
1076 3207 1197 3270 pumex

362 3285 543 3351 excutitur:
563 3287 669 3372 liquor
690 3289 745 3353 illo
768 3289 872 3374 magis
895 3289 1020 3354 feruere
1044 3290 1212 3375 magisque

362 3389 505 3454 fluminis
528 3391 564 3454 in
587 3393 727 3476 speciem
751 3392 842 3456 mitis
866 3393 1038 3477 procedere
1060 3395 1196 3459 tandem

360 3491 475 3578 incipit
499 3501 532 3558 et
556 3495 665 3579 pronis
689 3495 836 3560 demittit
860 3496 994 3562 collibus
1020 3498 1134 3563 undas.
1417 3502 1479 3582 485

361 3592 435 3658 illae
459 3583 619 3680 paulatim
642 3598 693 3662 bis
716 3621 794 3663 sena
816 3598 853 3662 in
876 3600 968 3666 milia
991 3610 1151 3687 pergunt3

276 3799 341 3851 facie
354 3816 440 3866 quen.
506 3806 645 3868 fatequess.
711 3811 780 3860 scoto
792 3808 826 3873 qd
837 3829 888 3877 γ.·
928 3813 999 3862 factu
1013 3813 1081 3875 quod
1099 3811 1145 3874 15*
1146 3847 1153 3860 .
1283 3809 1332 3860 458
1348 3810 1482 3867 uiritura.

271 3879 438 3932 4611ιί18188Ὃ
504 3883 611 3935 curisu.
677 3888 792 3938 minatus
805 3907 831 3939 a.
897 3890 1015 3939 minutus
1027 3909 1054 3939 ω.
1122 3893 1175 3939 One
1189 3903 1218 3937 or
1231 3903 1411 3940 mortemon
1424 3895 1481 3942 lost.

270 3956 318 4006 462
336 3959 502 4021 exemploque
514 3978 539 4010 u.
638 3963 686 4014 463
698 3980 742 4014 um
754 3965 777 4015 8.
876 3967 1239 4027 momentanearum.
1273 3966 1365 4016 Parere
1382 3970 1409 4017 et
1425 3987 1478 4019 uo.

270 4031 393 4093 collltS'.
462 4036 599 4089 collisae.
697 4043 746 4092 469
757 4042 806 4093 470
824 4045 910 4093 oracli
926 4046 1005 4094 butu.
1105 4043 1155 4095 470
1171 4042 1303 4101 domitant,
1316 4043 1479 4096 etantisEd.
1525 4099 1528 4103 ,

269 4110 368 4161 domitu
379 4111 459 4161 stanti
471 4130 497 4163 u.
531 4114 687 4166 roboroEd.
721 4118 850 4170 roboras.
931 4119 979 4171 471
996 4117 1088 4181 recipit
1100 4138 1128 4168 υ.
1161 4120 1229 4181 repit
1240 4138 1266 4170 u.
1299 4120 1351 4180 hic,
1363 4120 1406 4170 hic
1422 4125 1478 4174 Ed.

268 4189 392 4241 hincce.
428 4199 476 4239 nec
487 4189 585 4257 hincq.
619 4193 832 4254 monshinots'.
882 4194 998 4244 defossus
1009 4214 1036 4245 υ.
1070 4196 1230 4248 defensura
1328 4199 1378 4250 472
1394 4200 1478 4262 thuo

270 4269 396 4317 Goralluo.
431 4267 515 4329 Atque
534 4286 586 4319 ec.
685 4270 733 4322 473
750 4270 875 4332 trophoeo
894 4289 921 4321 α.
1019 4273 1068 4323 476
1086 4273 1184 4335 species
1202 4275 1254 4323 Ed.
1288 4275 1400 4337 sopitaes
1418 4276 1477 4326 ας.

266 4343 479 4412 sopituestqte.
514 4343 608 4395 iaexu.
643 4345 725 4395 laxo.
758 4346 797 4395 fus
814 4365 858 4413 γε.
890 4371 896 4387 ·
956 4348 1004 4400 477
1021 4364 1111 4400 cernas
1120 4353 1174 4401 Ed.
1208 4366 1359 4403 comesne.
1393 4353 1478 4403 cernis

266 4425 384 4472 editions.
450 4421 565 4471 desidere
583 4421 629 4473 αδ.
696 4423 836 4489 ᾶθεοίᾱὸγ.
902 4423 1032 4474 discedere
1051 4425 1104 4487 ῖς.
1237 4430 1287 4479 480
1303 4429 1386 4479 ueluti
1405 4432 1476 4496 αγῑ.

265 4498 592 4562 483101uereuScaliper.
637 4515 778 4552 somareon.
910 4503 958 4552 485
975 4504 1064 4565 pronis
1075 4509 1131 4556 Ed.
1175 4508 1305 4570 prunisc.
1345 4507 1436 4570 primis
1447 4526 1475 4562 u.
