3309 5167
882 425 919 488 16

376 615 454 658 uera
474 599 639 675 tenaxque
663 588 740 653 data
763 595 834 667 est;
854 585 912 650 sed
934 583 1078 649 maxima
1100 605 1196 648 causa
1219 584 1347 648 molaris

375 694 464 760 illius
489 691 723 777 incendi‘lapis
746 698 815 770 est;
842 688 870 752 is
893 688 1038 752 uindicat
1063 686 1214 751 Aetnam.
1431 700 1496 764 400

376 818 473 881 quem
497 795 524 860 si
547 795 630 860 forte
653 816 754 859 mauu
777 801 891 858 teneas
915 813 952 856 ac
974 792 1088 856 robora
1109 811 1230 865 cernas,

374 921 434 964 nec
456 900 581 964 feruere
603 905 706 983 putes,
730 897 840 982 ignem
862 917 922 960 nec
946 917 1094 980 spargere
1118 916 1221 979 posse.

374 1001 430 1065 sed
453 1001 549 1065 simul
572 1021 609 1064 ac
631 1000 712 1064 ferro
737 1021 881 1089 quaeras,
905 998 1086 1083 respondet,
1112 1005 1146 1062 et
1177 997 1246 1061 ictu

375 1106 527 1170 scintillat
553 1106 655 1171 calor:
679 1107 768 1171 hunc
790 1107 903 1170 multis
927 1107 1048 1171 circum
1073 1105 1158 1168 inice
1180 1101 1320 1168 flammis

373 1218 406 1276 et
429 1218 540 1295 patere
564 1219 755 1295 extorquere
779 1211 904 1274 animos
930 1217 1029 1293 atque
1053 1229 1136 1272 exue
1160 1207 1268 1271 robur.
1427 1216 1490 1284 405

373 1313 526 1378 fundetur
548 1314 632 1377 ferun
658 1313 773 1392 citius;
798 1334 876 1375 nam
901 1309 1030 1376 mobilis
1054 1310 1104 1373 illi

374 1425 407 1480 θῖ
430 1425 579 1480 metuens
606 1423 724 1480 natura
747 1413 824 1479 mali
849 1422 898 1478 est
922 1414 980 1478 ubi
1003 1398 1129 1498 angitur
1151 1411 1228 1496 igni

372 1518 429 1584 sed
453 1515 673 1601 simulatque
697 1517 807 1580 hausit
832 1516 986 1593 flammas,
1011 1537 1077 1578 nen
1101 1512 1205 1578 tutior
1229 1512 1337 1575 hausti

371 1623 439 1690 ulla
462 1611 584 1698 demus,
610 1643 742 1685 seruans
765 1621 870 1684 aciem
892 1620 1072 1703 duramque
1095 1617 1204 1684 tenaci

373 1737 465 1815 septa
487 1727 602 1794 fidest:
628 1737 668 1794 ut
691 1737 763 1794 tum
787 1737 836 1793 est
860 1729 908 1792 illi
930 1727 1092 1812 patientia
1114 1727 1221 1791 uicto!
1426 1741 1494 1803 410

370 1833 427 1896 uix
450 1855 606 1917 umquam
626 1834 711 1898 redit
734 1833 769 1897 in
793 1833 879 1897 uires
904 1840 1002 1916 atque
1027 1831 1150 1896 euomit
1173 1830 1295 1914 ignem.

371 1941 460 1999 totus
485 1934 572 1998 enim
596 1934 694 2000 denso
719 1935 859 2019 stipatur
882 1934 1013 1997 robore:
1040 1933 1134 1996 tarde

321 2123 327 2129 ἱ
370 2058 428 2121 per
451 2035 558 2100 tenuis
582 2038 722 2102 admissa
745 2039 815 2101 uias
838 2037 988 2101 incendia
1011 2036 1116 2100 nutrit

333 2131 337 2138 ⁸
370 2148 624 2227 cunctanterque
647 2142 759 2207 eadem
784 2151 818 2206 θῖ
844 2141 935 2226 pigre
960 2147 1115 2224 concepta
1136 2135 1284 2200 remittit.

370 2266 431 2309 nec
456 2253 567 2310 tamen
590 2247 651 2310 hoc
673 2269 739 2311 uno
761 2246 846 2331 quod
871 2245 991 2309 montis
1014 2242 1155 2329 plurima
1176 2261 1251 2324 pars
1275 2244 1325 2302 est
1425 2246 1487 2313 4¹5

370 2347 473 2411 uincit
500 2355 533 2412 et
555 2348 684 2412 incendi
709 2370 838 2413 causam
862 2354 954 2410 tenet
980 2345 1055 2409 ille:
1078 2343 1221 2429 profecto

371 2449 518 2513 miranda
541 2459 590 2514 est
613 2450 730 2535 lapidis
755 2451 857 2514 uiuax
878 2450 1086 2532 animosaque
1113 2447 1236 2510 uirtus:

370 2559 477 2617 cetera
499 2553 651 2617 materies
674 2573 897 2637 quaecumque
922 2559 971 2615 θεῖ
997 2549 1112 2614 fertilis
1135 2549 1212 2632 igni,
1337 2543 1340 2548 ’

367 2662 406 2719 ut
430 2655 530 2718 semel
552 2677 684 2719 accensa
710 2664 768 2733 est,
792 2656 938 2733 moritur,
961 2675 1021 2717 nec
1042 2659 1144 2717 restat
1169 2652 1207 2715 in¹
1230 2649 1287 2713 illa
1640 2648 1648 2754 l

368 2757 454 2842 quod
478 2765 623 2842 repetas:
646 2765 777 2822 tanturn
801 2757 882 2821 cinis
907 2764 941 2821 et
967 2756 1036 2820 sine
1050 2754 1185 2819 semine
1207 2760 1294 2816 terra
1316 2757 1383 2814 est:
1423 2763 1490 2827 420

368 2858 421 2922 hic
444 2859 544 2922 semel
567 2867 666 2943 atque
692 2859 813 2923 iterum
836 2858 964 2944 patiens
988 2881 1025 2922 ac
1048 2856 1138 2920 mille
1160 2851 1343 2941 perhaustis

367 2959 497 3045 ignibus
521 2961 681 3025 instaurat
706 2962 792 3026 uires
818 2984 878 3026 nec
902 2960 1021 3026 desinit
1044 2968 1122 3025 ante
1220 2978 1223 2984 '

368 3085 466 3148 quam
491 3063 574 3128 leuis
601 3071 730 3129 excocto
758 3064 876 3129 defecit
899 3065 1014 3128 robure
1036 3084 1176 3148 pumex:

365 3165 400 3228 in
425 3164 565 3229 cinerem
587 3174 762 3251 putresque
787 3167 871 3232 iacet
897 3166 1041 3251 dilapsus
1064 3165 1209 3230 harenas.

451 3291 546 3333 cerne
571 3270 647 3334 locis
673 3272 773 3335 etiam
795 3271 848 3334 his
871 3270 993 3335 similes
1019 3269 1135 3334 arsisse
1160 3286 1332 3332 cauernae:
1421 3273 1483 3340 425

365 3370 431 3435 illic
454 3373 609 3437 materiae
636 3373 797 3437 nascentis
824 3373 916 3458 copia
938 3372 1060 3451 mai0r3

367 3473 434 3538 sed·
448 3497 551 3558 genus
574 3475 634 3538 hoc
660 3474 775 3558 lapidis
803 3474 993 3556 (certissima
1015 3473 1107 3556 signa
1129 3470 1254 3553 coloris)

367 3575 453 3658 quod
479 3576 584 3640 nullas
608 3577 757 3640 adiunxit
784 3598 868 3661 opes
896 3575 1041 3659 elanguit
1063 3573 1155 3657 ignis.

286 3703 290 3710 ·
364 3679 494 3758 dicitur,
519 3680 645 3745 insidiis
667 3676 806 3764 flagrans
829 3679 971 3745 Aenaria
996 3676 1167 3763 quondam,

278 3861 326 3911 398
342 3861 507 3923 liquentts‘.
541 3863 704 3926 liquentes.
787 3866 835 3916 309
852 3864 923 3914 mols
933 3862 1034 3914 amiso.
1116 3862 1165 3910 400
1181 3861 1231 3910 est:
1248 3859 1273 3908 is
1282 3860 1339 3908 Ed.
1371 3855 1483 3907 osteis.

278 3937 315 3986 sic
326 3954 351 3988 a.
404 3939 427 3986 is
439 3939 489 3988 sibi
502 3941 627 3989 Gorallru.
688 3940 848 3992 aethnarna
987 3940 1035 3988 401
1052 3938 1143 3988 robora
1156 3938 1282 3987 Goralluc.
1328 3935 1482 3985 roboreae.

276 4014 325 4064 402
341 4015 440 4064 feruere
451 4017 495 4076 αξ,
530 4017 690 4084 ῖηιθτθγδε.
724 4033 826 4067 seruare
839 4017 872 4068 5.
962 4014 1131 4066 404021018.
1164 4010 1335 4078 delerant.
1368 4011 1437 4060 color
1448 4008 1474 4059 5
1474 4045 1482 4058 .
1554 4009 1563 4018 '

276 4092 380 4144 inicec.
414 4093 542 4160 ίεεθγὸι
640 4096 689 4149 407
706 4095 893 4146 ηαῖιιτᾱθΗὶι
925 4092 1087 4157 ocgitmts‘.
1120 4089 1274 4143 uentura&
1309 4089 1482 4152 coquiturue.

275 4171 324 4220 410
341 4171 429 4223 fidest:
443 4175 476 4220 'ut
487 4175 545 4221 tum
556 4174 595 4221 est
606 4175 662 4221 Ed.
696 4172 746 4222 fide
757 4174 846 4221 tutum
857 4172 896 4221 est
907 4187 933 4220 ο..
967 4171 1031 4220 fides
1042 4171 1130 4218 tutum
1141 4170 1180 4217 est
1191 4185 1218 4217 ω.
1308 4165 1357 4214 412
1373 4164 1481 4214 mmet.

274 4249 387 4299 cardea.
423 4249 583 4313 tardamus.
615 4247 754 4309 tardais‘.
836 4249 885 4298 414
901 4249 1024 4309 concepta
1034 4248 1089 4296 Ed.
1123 4247 1277 4306 coeptam.
1311 4243 1480 4306 acceptals‘.

275 4327 324 4378 416
340 4329 447 4379 illeaa.
483 4327 575 4378 illas‘.
668 4327 960 4389 4171apidiscleRooy.
993 4323 1173 4386 lepidumst».
1270 4322 1319 4371 418
1336 4321 1442 4371 Caetera
1453 4340 1479 4373 c.

273 4406 322 4455 421
339 4407 390 4456 Hic
400 4408 480 4456 Aldus
492 4406 564 4456 1534.
609 4405 729 4465 SicuSL
765 4405 849 4469 Siue.
930 4402 980 4451 424
996 4401 1116 4462 delapsus
1127 4419 1178 4450 cc.
1256 4399 1305 4448 425
1321 4398 1479 4450 memus.

274 4487 393 4536 addila.
426 4481 613 4535 arsissesseorr
624 4481 658 4533 ἔ.
691 4481 787 4532 adsiste
799 4499 824 4532 c.
859 4476 984 4528 ausisset
994 4493 1080 4541 para
1113 4475 1281 4541 ancisum.
1346 4475 1395 4524 428
1409 4476 1478 4526 elun-
