<?xml version="1.0" encoding="UTF-8"?>
<!DOCTYPE html PUBLIC "-//W3C//DTD XHTML 1.0 Transitional//EN"
    "http://www.w3.org/TR/xhtml1/DTD/xhtml1-transitional.dtd">
<html xmlns="http://www.w3.org/1999/xhtml" xml:lang="en" lang="en">
 <head>
  <title>
</title>
<meta http-equiv="Content-Type" content="text/html;charset=utf-8" />
  <meta name='ocr-system' content='tesseract 3.04.00' />
  <meta name='ocr-capabilities' content='ocr_page ocr_carea ocr_par ocr_line ocrx_word'/>
</head>
<body>
  <div class='ocr_page' id='page_1' title='image "./tna02munrgoog_0027.png"; bbox 0 0 3309 5167; ppageno 0'>
   <div class='ocr_carea' id='block_1_1' title="bbox 760 477 797 524">
    <p class='ocr_par' dir='ltr' id='par_1_1' title="bbox 760 477 797 524">
     <span class='ocr_line' id='line_1_1' title="bbox 760 477 797 524; baseline 0.054 -2"><span class='ocrx_word' id='word_1_1' title='bbox 760 477 797 524; x_wconf 89' lang='lat'>21</span> 
     </span>
    </p>
   </div>
   <div class='ocr_carea' id='block_1_2' title="bbox 148 619 1246 3602">
    <p class='ocr_par' dir='ltr' id='par_1_2' title="bbox 261 619 1225 914">
     <span class='ocr_line' id='line_1_2' title="bbox 262 619 1041 708; baseline 0.008 -22"><span class='ocrx_word' id='word_1_2' title='bbox 262 619 426 707; x_wconf 86' lang='lat' dir='ltr'>spissaque</span> <span class='ocrx_word' id='word_1_3' title='bbox 450 621 611 708; x_wconf 85' lang='lat' dir='ltr'>suspensis</span> <span class='ocrx_word' id='word_1_4' title='bbox 637 621 819 688; x_wconf 80' lang='lat' dir='ltr'><strong>fornacibus</strong></span> <span class='ocrx_word' id='word_1_5' title='bbox 843 646 942 690; x_wconf 89' lang='lat' dir='ltr'>aurea</span> <span class='ocrx_word' id='word_1_6' title='bbox 963 646 1041 692; x_wconf 84' lang='lat' dir='ltr'>saxa</span> 
     </span>
     <span class='ocr_line' id='line_1_3' title="bbox 261 726 1225 815; baseline 0.005 -25"><span class='ocrx_word' id='word_1_7' title='bbox 261 726 420 791; x_wconf 85' lang='lat' dir='ltr'>exsudant</span> <span class='ocrx_word' id='word_1_8' title='bbox 442 727 593 812; x_wconf 88' lang='lat' dir='ltr'>pretium,</span> <span class='ocrx_word' id='word_1_9' title='bbox 616 735 651 791; x_wconf 89' lang='lat' dir='ltr'>et</span> <span class='ocrx_word' id='word_1_10' title='bbox 674 727 834 813; x_wconf 80' lang='lat' dir='ltr'>quaedam</span> <span class='ocrx_word' id='word_1_11' title='bbox 855 729 988 794; x_wconf 82' lang='lat' dir='ltr'>fortasse</span> <span class='ocrx_word' id='word_1_12' title='bbox 1011 728 1170 815; x_wconf 90' lang='lat' dir='ltr'>profundo</span> <span class='ocrx_word' id='word_1_13' title='bbox 1223 756 1225 759; x_wconf 91' lang='lat'>·</span> 
     </span>
     <span class='ocr_line' id='line_1_4' title="bbox 261 829 1063 914; baseline 0.005 -22"><span class='ocrx_word' id='word_1_14' title='bbox 261 829 460 914; x_wconf 77' lang='lat' dir='ltr'>incomperta</span> <span class='ocrx_word' id='word_1_15' title='bbox 483 829 591 895; x_wconf 88' lang='lat' dir='ltr'>iacent</span> <span class='ocrx_word' id='word_1_16' title='bbox 612 829 774 914; x_wconf 80' lang='lat' dir='ltr'>similique</span> <span class='ocrx_word' id='word_1_17' title='bbox 788 830 937 895; x_wconf 69' lang='lat' dir='ltr'>&#39;obnoxia</span> <span class='ocrx_word' id='word_1_18' title='bbox 957 831 1063 896; x_wconf 83' lang='lat' dir='ltr'>sortei</span> 
     </span>
    </p>

    <p class='ocr_par' dir='ltr' id='par_1_3' title="bbox 260 932 1195 1223">
     <span class='ocr_line' id='line_1_5' title="bbox 260 932 1195 1017; baseline 0 -20"><span class='ocrx_word' id='word_1_19' title='bbox 260 954 320 997; x_wconf 88' lang='lat' dir='ltr'>nec</span> <span class='ocrx_word' id='word_1_20' title='bbox 341 933 429 997; x_wconf 89' lang='lat' dir='ltr'>locus</span> <span class='ocrx_word' id='word_1_21' title='bbox 452 932 622 1017; x_wconf 88' lang='lat' dir='ltr'>ingeniost,</span> <span class='ocrx_word' id='word_1_22' title='bbox 648 933 732 997; x_wconf 86' lang='lat' dir='ltr'>oculi</span> <span class='ocrx_word' id='word_1_23' title='bbox 755 941 789 998; x_wconf 89' lang='lat' dir='ltr'>te</span> <span class='ocrx_word' id='word_1_24' title='bbox 812 933 920 998; x_wconf 89' lang='lat' dir='ltr'>iudice</span> <span class='ocrx_word' id='word_1_25' title='bbox 942 933 1096 1014; x_wconf 88' lang='lat' dir='ltr'>uincent;</span> <span class='ocrx_word' id='word_1_26' title='bbox 1192 998 1195 1004; x_wconf 80' lang='grc'>,</span> 
     </span>
     <span class='ocr_line' id='line_1_6' title="bbox 261 1034 1191 1121; baseline -0.001 -22"><span class='ocrx_word' id='word_1_27' title='bbox 261 1057 337 1099; x_wconf 90' lang='lat' dir='ltr'>nam</span> <span class='ocrx_word' id='word_1_28' title='bbox 361 1034 443 1119; x_wconf 90' lang='lat' dir='ltr'>lapis</span> <span class='ocrx_word' id='word_1_29' title='bbox 467 1035 522 1100; x_wconf 90' lang='lat' dir='ltr'>ille</span> <span class='ocrx_word' id='word_1_30' title='bbox 546 1034 630 1120; x_wconf 87' lang='lat' dir='ltr'>riget</span> <span class='ocrx_word' id='word_1_31' title='bbox 653 1034 900 1120; x_wconf 86' lang='lat' dir='ltr'>praeclususque</span> <span class='ocrx_word' id='word_1_32' title='bbox 923 1036 1053 1121; x_wconf 83' lang='lat' dir='ltr'>ignibus</span> <span class='ocrx_word' id='word_1_33' title='bbox 1075 1037 1191 1112; x_wconf 77' lang='lat' dir='ltr'>obstat,</span> 
     </span>
     <span class='ocr_line' id='line_1_7' title="bbox 260 1135 1017 1223; baseline 0.004 -23"><span class='ocrx_word' id='word_1_34' title='bbox 260 1135 288 1200; x_wconf 90' lang='lat' dir='ltr'>si</span> <span class='ocrx_word' id='word_1_35' title='bbox 309 1136 418 1221; x_wconf 88' lang='lat' dir='ltr'>paruis</span> <span class='ocrx_word' id='word_1_36' title='bbox 441 1144 562 1201; x_wconf 88' lang='lat' dir='ltr'>torrere</span> <span class='ocrx_word' id='word_1_37' title='bbox 586 1137 668 1202; x_wconf 89' lang='lat' dir='ltr'>uelis</span> <span class='ocrx_word' id='word_1_38' title='bbox 692 1137 845 1222; x_wconf 88' lang='lat' dir='ltr'>caeloque</span> <span class='ocrx_word' id='word_1_39' title='bbox 868 1138 1017 1223; x_wconf 88' lang='lat' dir='ltr'>patenti:</span> 
     </span>
    </p>

    <p class='ocr_par' dir='ltr' id='par_1_4' title="bbox 260 1239 1060 1326">
     <span class='ocr_line' id='line_1_8' title="bbox 260 1239 1060 1326; baseline 0.006 -23"><span class='ocrx_word' id='word_1_40' title='bbox 260 1239 411 1303; x_wconf 89' lang='lat' dir='ltr'>candenti</span> <span class='ocrx_word' id='word_1_41' title='bbox 432 1261 605 1324; x_wconf 87' lang='lat' dir='ltr'>pressoque</span> <span class='ocrx_word' id='word_1_42' title='bbox 629 1241 769 1326; x_wconf 84' lang='lat' dir='ltr'>agedum</span> <span class='ocrx_word' id='word_1_43' title='bbox 791 1241 919 1322; x_wconf 86' lang='lat' dir='ltr'>fornace</span> <span class='ocrx_word' id='word_1_44' title='bbox 943 1265 1060 1320; x_wconf 81' lang='lat' dir='ltr'>coerce,</span> 
     </span>
    </p>

    <p class='ocr_par' dir='ltr' id='par_1_5' title="bbox 259 1342 1188 1534">
     <span class='ocr_line' id='line_1_9' title="bbox 259 1342 1188 1428; baseline 0.006 -22"><span class='ocrx_word' id='word_1_45' title='bbox 259 1365 319 1407; x_wconf 88' lang='lat' dir='ltr'>nec</span> <span class='ocrx_word' id='word_1_46' title='bbox 340 1342 474 1408; x_wconf 86' lang='lat' dir='ltr'>sufferre</span> <span class='ocrx_word' id='word_1_47' title='bbox 495 1351 603 1428; x_wconf 87' lang='lat' dir='ltr'>potest</span> <span class='ocrx_word' id='word_1_48' title='bbox 624 1366 685 1408; x_wconf 90' lang='lat' dir='ltr'>nec</span> <span class='ocrx_word' id='word_1_49' title='bbox 707 1366 843 1408; x_wconf 88' lang='lat' dir='ltr'>saeuum</span> <span class='ocrx_word' id='word_1_50' title='bbox 866 1345 962 1410; x_wconf 88' lang='lat' dir='ltr'>durat</span> <span class='ocrx_word' id='word_1_51' title='bbox 985 1346 1020 1409; x_wconf 92' lang='lat' dir='ltr'>in</span> <span class='ocrx_word' id='word_1_52' title='bbox 1043 1346 1188 1412; x_wconf 85' lang='lat' dir='ltr'>hostem:</span> 
     </span>
     <span class='ocr_line' id='line_1_10' title="bbox 259 1447 1070 1534; baseline 0.006 -24"><span class='ocrx_word' id='word_1_53' title='bbox 259 1447 402 1512; x_wconf 89' lang='lat' dir='ltr'>uincitur</span> <span class='ocrx_word' id='word_1_54' title='bbox 423 1455 457 1513; x_wconf 88' lang='lat' dir='ltr'>et</span> <span class='ocrx_word' id='word_1_55' title='bbox 481 1447 579 1512; x_wconf 92' lang='lat' dir='ltr'>soluit</span> <span class='ocrx_word' id='word_1_56' title='bbox 602 1447 688 1512; x_wconf 89' lang='lat' dir='ltr'>uires</span> <span class='ocrx_word' id='word_1_57' title='bbox 712 1455 890 1533; x_wconf 88' lang='lat' dir='ltr'>captusque</span> <span class='ocrx_word' id='word_1_58' title='bbox 913 1448 1070 1534; x_wconf 86' lang='lat' dir='ltr'>liquescit.</span> 
     </span>
    </p>

    <p class='ocr_par' dir='ltr' id='par_1_6' title="bbox 246 1551 1073 1636">
     <span class='ocr_line' id='line_1_11' title="bbox 246 1551 1073 1636; baseline 0.004 -22"><span class='ocrx_word' id='word_1_59' title='bbox 246 1573 343 1636; x_wconf 87' lang='lat' dir='ltr'>quae</span> <span class='ocrx_word' id='word_1_60' title='bbox 366 1551 488 1614; x_wconf 89' lang='lat' dir='ltr'>maiora</span> <span class='ocrx_word' id='word_1_61' title='bbox 508 1559 606 1635; x_wconf 85' lang='lat' dir='ltr'>putas</span> <span class='ocrx_word' id='word_1_62' title='bbox 628 1559 740 1616; x_wconf 89' lang='lat' dir='ltr'>autem</span> <span class='ocrx_word' id='word_1_63' title='bbox 763 1555 926 1626; x_wconf 85' lang='lat' dir='ltr'>tormenta</span> <span class='ocrx_word' id='word_1_64' title='bbox 948 1552 1073 1618; x_wconf 88' lang='lat' dir='ltr'>moueri</span> 
     </span>
    </p>

    <p class='ocr_par' dir='ltr' id='par_1_7' title="bbox 259 1656 1145 1947">
     <span class='ocr_line' id='line_1_12' title="bbox 260 1656 1145 1740; baseline 0.005 -22"><span class='ocrx_word' id='word_1_65' title='bbox 260 1677 352 1740; x_wconf 90' lang='lat' dir='ltr'>posse</span> <span class='ocrx_word' id='word_1_66' title='bbox 374 1659 496 1719; x_wconf 82' lang='lat' dir='ltr'>manuf</span> <span class='ocrx_word' id='word_1_67' title='bbox 518 1676 601 1739; x_wconf 86' lang='lat' dir='ltr'>quae</span> <span class='ocrx_word' id='word_1_68' title='bbox 623 1662 717 1719; x_wconf 87' lang='lat' dir='ltr'>tanta</span> <span class='ocrx_word' id='word_1_69' title='bbox 737 1664 835 1740; x_wconf 86' lang='lat' dir='ltr'>putas</span> <span class='ocrx_word' id='word_1_70' title='bbox 856 1656 1006 1721; x_wconf 89' lang='lat' dir='ltr'>incendia</span> <span class='ocrx_word' id='word_1_71' title='bbox 1026 1657 1145 1722; x_wconf 84' lang='lat' dir='ltr'>nostris</span> 
     </span>
     <span class='ocr_line' id='line_1_13' title="bbox 261 1757 1068 1842; baseline 0.004 -21"><span class='ocrx_word' id='word_1_72' title='bbox 261 1757 435 1822; x_wconf 87' lang='lat' dir='ltr'>sustentari</span> <span class='ocrx_word' id='word_1_73' title='bbox 458 1757 579 1842; x_wconf 88' lang='lat' dir='ltr'>opibus,</span> <span class='ocrx_word' id='word_1_74' title='bbox 603 1759 732 1842; x_wconf 84' lang='lat' dir='ltr'>quantis</span> <span class='ocrx_word' id='word_1_75' title='bbox 754 1759 936 1824; x_wconf 86' lang='lat' dir='ltr'>fornacibus</span> <span class='ocrx_word' id='word_1_76' title='bbox 959 1761 1068 1824; x_wconf 87' lang='lat' dir='ltr'>Aetna</span> 
     </span>
     <span class='ocr_line' id='line_1_14' title="bbox 259 1859 1078 1947; baseline 0.005 -25"><span class='ocrx_word' id='word_1_77' title='bbox 259 1859 386 1924; x_wconf 82' lang='lat' dir='ltr'>uriturl</span> <span class='ocrx_word' id='word_1_78' title='bbox 408 1881 445 1923; x_wconf 87' lang='lat' dir='ltr'>ac</span> <span class='ocrx_word' id='word_1_79' title='bbox 467 1881 554 1923; x_wconf 85' lang='lat' dir='ltr'>sacro</span> <span class='ocrx_word' id='word_1_80' title='bbox 576 1881 754 1944; x_wconf 84' lang='lat' dir='ltr'>numquam</span> <span class='ocrx_word' id='word_1_81' title='bbox 775 1883 842 1925; x_wconf 91' lang='lat' dir='ltr'>non</span> <span class='ocrx_word' id='word_1_82' title='bbox 863 1862 978 1926; x_wconf 84' lang='lat' dir='ltr'>fertilis</span> <span class='ocrx_word' id='word_1_83' title='bbox 1000 1862 1078 1947; x_wconf 82' lang='lat' dir='ltr'>igni,</span> 
     </span>
    </p>

    <p class='ocr_par' dir='ltr' id='par_1_8' title="bbox 259 1962 1047 2048">
     <span class='ocr_line' id='line_1_15' title="bbox 259 1962 1047 2048; baseline 0.005 -22"><span class='ocrx_word' id='word_1_84' title='bbox 259 1962 316 2027; x_wconf 87' lang='lat' dir='ltr'>sed</span> <span class='ocrx_word' id='word_1_85' title='bbox 337 1985 403 2028; x_wconf 89' lang='lat' dir='ltr'>non</span> <span class='ocrx_word' id='word_1_86' title='bbox 425 1963 482 2048; x_wconf 91' lang='lat' dir='ltr'>qui</span> <span class='ocrx_word' id='word_1_87' title='bbox 503 1972 612 2030; x_wconf 88' lang='lat' dir='ltr'>nostro</span> <span class='ocrx_word' id='word_1_88' title='bbox 634 1964 739 2030; x_wconf 87' lang='lat' dir='ltr'>feruet</span> <span class='ocrx_word' id='word_1_89' title='bbox 760 1966 956 2031; x_wconf 88' lang='lat' dir='ltr'>moderatior</span> <span class='ocrx_word' id='word_1_90' title='bbox 976 1989 1047 2046; x_wconf 86' lang='lat' dir='ltr'>usu,</span> 
     </span>
    </p>

    <p class='ocr_par' dir='ltr' id='par_1_9' title="bbox 259 2065 1153 2357">
     <span class='ocr_line' id='line_1_16' title="bbox 260 2065 1032 2153; baseline 0.005 -25"><span class='ocrx_word' id='word_1_91' title='bbox 260 2065 315 2130; x_wconf 87' lang='lat' dir='ltr'>sed</span> <span class='ocrx_word' id='word_1_92' title='bbox 338 2065 583 2150; x_wconf 22' lang='lat' dir='ltr'>caelo-propior,</span> <span class='ocrx_word' id='word_1_93' title='bbox 607 2067 661 2131; x_wconf 90' lang='lat' dir='ltr'>uel</span> <span class='ocrx_word' id='word_1_94' title='bbox 685 2067 773 2152; x_wconf 85' lang='lat' dir='ltr'>quali</span> <span class='ocrx_word' id='word_1_95' title='bbox 792 2068 942 2153; x_wconf 89' lang='lat' dir='ltr'>Iuppiter</span> <span class='ocrx_word' id='word_1_96' title='bbox 962 2068 1032 2153; x_wconf 90' lang='lat' dir='ltr'>ipse</span> 
     </span>
     <span class='ocr_line' id='line_1_17' title="bbox 259 2168 1153 2258; baseline 0.003 -26"><span class='ocrx_word' id='word_1_97' title='bbox 259 2176 402 2233; x_wconf 87' lang='lat' dir='ltr'>armatus</span> <span class='ocrx_word' id='word_1_98' title='bbox 425 2168 558 2233; x_wconf 87' lang='lat' dir='ltr'>flamma</span> <span class='ocrx_word' id='word_1_99' title='bbox 580 2177 639 2234; x_wconf 86' lang='lat' dir='ltr'>est.</span> <span class='ocrx_word' id='word_1_100' title='bbox 662 2170 714 2234; x_wconf 86' lang='lat' dir='ltr'>his</span> <span class='ocrx_word' id='word_1_101' title='bbox 737 2170 861 2235; x_wconf 87' lang='lat' dir='ltr'>uiribus</span> <span class='ocrx_word' id='word_1_102' title='bbox 885 2171 1017 2237; x_wconf 89' lang='lat' dir='ltr'>additur</span> <span class='ocrx_word' id='word_1_103' title='bbox 1039 2171 1153 2258; x_wconf 89' lang='lat' dir='ltr'>ingens</span> 
     </span>
     <span class='ocr_line' id='line_1_18' title="bbox 259 2272 1027 2357; baseline 0.005 -21"><span class='ocrx_word' id='word_1_104' title='bbox 259 2272 390 2357; x_wconf 88' lang='lat' dir='ltr'>spiritus</span> <span class='ocrx_word' id='word_1_105' title='bbox 411 2272 573 2338; x_wconf 86' lang='lat' dir='ltr'>adstrictis</span> <span class='ocrx_word' id='word_1_106' title='bbox 596 2273 692 2338; x_wconf 86' lang='lat' dir='ltr'>elisus</span> <span class='ocrx_word' id='word_1_107' title='bbox 713 2273 868 2353; x_wconf 87' lang='lat' dir='ltr'>faucibus,</span> <span class='ocrx_word' id='word_1_108' title='bbox 891 2282 930 2340; x_wconf 88' lang='lat' dir='ltr'>ut</span> <span class='ocrx_word' id='word_1_109' title='bbox 952 2296 1027 2340; x_wconf 90' lang='lat' dir='ltr'>cum</span> 
     </span>
    </p>

    <p class='ocr_par' dir='ltr' id='par_1_10' title="bbox 258 2374 1146 2670">
     <span class='ocr_line' id='line_1_19' title="bbox 258 2374 1030 2461; baseline 0.006 -22"><span class='ocrx_word' id='word_1_110' title='bbox 258 2374 388 2440; x_wconf 83' lang='lat' dir='ltr'>fabriles</span> <span class='ocrx_word' id='word_1_111' title='bbox 409 2397 524 2461; x_wconf 89' lang='lat' dir='ltr'>operae</span> <span class='ocrx_word' id='word_1_112' title='bbox 545 2376 679 2441; x_wconf 84' lang='lat' dir='ltr'>rudibus</span> <span class='ocrx_word' id='word_1_113' title='bbox 704 2378 897 2443; x_wconf 89' lang='lat' dir='ltr'>contendere</span> <span class='ocrx_word' id='word_1_114' title='bbox 917 2379 1030 2444; x_wconf 85' lang='lat' dir='ltr'>massis</span> 
     </span>
     <span class='ocr_line' id='line_1_20' title="bbox 259 2478 1096 2565; baseline 0.005 -23"><span class='ocrx_word' id='word_1_115' title='bbox 259 2478 422 2556; x_wconf 85' lang='lat' dir='ltr'>festinant,</span> <span class='ocrx_word' id='word_1_116' title='bbox 447 2478 537 2563; x_wconf 88' lang='lat' dir='ltr'>ignes</span> <span class='ocrx_word' id='word_1_117' title='bbox 561 2479 715 2563; x_wconf 89' lang='lat' dir='ltr'>quatiunt</span> <span class='ocrx_word' id='word_1_118' title='bbox 738 2479 894 2565; x_wconf 90' lang='lat' dir='ltr'>follesque</span> <span class='ocrx_word' id='word_1_119' title='bbox 918 2488 1096 2546; x_wconf 84' lang='lat' dir='ltr'>trementes</span> 
     </span>
     <span class='ocr_line' id='line_1_21' title="bbox 259 2579 1146 2670; baseline 0.005 -24"><span class='ocrx_word' id='word_1_120' title='bbox 259 2579 449 2646; x_wconf 85' lang='lat' dir='ltr'>exanimant</span> <span class='ocrx_word' id='word_1_121' title='bbox 470 2603 641 2667; x_wconf 88' lang='lat' dir='ltr'>pressoque</span> <span class='ocrx_word' id='word_1_122' title='bbox 666 2581 824 2668; x_wconf 88' lang='lat' dir='ltr'>instigant</span> <span class='ocrx_word' id='word_1_123' title='bbox 848 2585 977 2670; x_wconf 87' lang='lat' dir='ltr'>agmine</span> <span class='ocrx_word' id='word_1_124' title='bbox 1001 2593 1146 2650; x_wconf 89' lang='lat' dir='ltr'>uentum.</span> 
     </span>
    </p>

    <p class='ocr_par' dir='ltr' id='par_1_11' title="bbox 194 2669 1246 2978">
     <span class='ocr_line' id='line_1_22' title="bbox 194 2669 1246 2769; baseline 0.005 -23"><span class='ocrx_word' id='word_1_125' title='bbox 194 2687 196 2690; x_wconf 80' lang='grc'><strong>’</strong></span> <span class='ocrx_word' id='word_1_126' title='bbox 251 2669 254 2676; x_wconf 62' lang='grc'><strong>’</strong></span> <span class='ocrx_word' id='word_1_127' title='bbox 344 2683 423 2750; x_wconf 88' lang='lat' dir='ltr'>haec</span> <span class='ocrx_word' id='word_1_128' title='bbox 448 2684 551 2769; x_wconf 90' lang='lat' dir='ltr'>operis</span> <span class='ocrx_word' id='word_1_129' title='bbox 574 2685 677 2750; x_wconf 89' lang='lat' dir='ltr'>forma</span> <span class='ocrx_word' id='word_1_130' title='bbox 701 2694 757 2763; x_wconf 88' lang='lat' dir='ltr'>est,</span> <span class='ocrx_word' id='word_1_131' title='bbox 783 2686 827 2750; x_wconf 87' lang='lat' dir='ltr'>sic</span> <span class='ocrx_word' id='word_1_132' title='bbox 849 2687 966 2752; x_wconf 87' lang='lat' dir='ltr'>nobilis</span> <span class='ocrx_word' id='word_1_133' title='bbox 989 2687 1096 2752; x_wconf 85' lang='lat' dir='ltr'>uritur</span> <span class='ocrx_word' id='word_1_134' title='bbox 1118 2687 1246 2752; x_wconf 86' lang='lat' dir='ltr'>Aetna:</span> 
     </span>
     <span class='ocr_line' id='line_1_23' title="bbox 258 2788 1148 2878; baseline 0.003 -26"><span class='ocrx_word' id='word_1_135' title='bbox 258 2794 345 2852; x_wconf 88' lang='lat' dir='ltr'>terra</span> <span class='ocrx_word' id='word_1_136' title='bbox 367 2788 577 2855; x_wconf 85' lang='lat' dir='ltr'>foraminibus</span> <span class='ocrx_word' id='word_1_137' title='bbox 599 2790 685 2854; x_wconf 90' lang='lat' dir='ltr'>uires</span> <span class='ocrx_word' id='word_1_138' title='bbox 707 2790 816 2869; x_wconf 86' lang='lat' dir='ltr'>trahit,</span> <span class='ocrx_word' id='word_1_139' title='bbox 840 2800 958 2878; x_wconf 89' lang='lat' dir='ltr'>urguet</span> <span class='ocrx_word' id='word_1_140' title='bbox 981 2791 1016 2857; x_wconf 90' lang='lat' dir='ltr'>in</span> <span class='ocrx_word' id='word_1_141' title='bbox 1039 2800 1148 2857; x_wconf 84' lang='lat' dir='ltr'>artum</span> 
     </span>
     <span class='ocr_line' id='line_1_24' title="bbox 259 2890 1035 2978; baseline 0.008 -24"><span class='ocrx_word' id='word_1_142' title='bbox 259 2890 399 2975; x_wconf 87' lang='lat' dir='ltr'>spiritus,</span> <span class='ocrx_word' id='word_1_143' title='bbox 423 2891 554 2956; x_wconf 90' lang='lat' dir='ltr'>incendi</span> <span class='ocrx_word' id='word_1_144' title='bbox 576 2892 627 2957; x_wconf 85' lang='lat' dir='ltr'>uis</span> <span class='ocrx_word' id='word_1_145' title='bbox 650 2892 678 2956; x_wconf 88' lang='lat' dir='ltr'>it</span> <span class='ocrx_word' id='word_1_146' title='bbox 701 2915 760 2978; x_wconf 91' lang='lat' dir='ltr'>per</span> <span class='ocrx_word' id='word_1_147' title='bbox 785 2895 928 2959; x_wconf 85' lang='lat' dir='ltr'>maxima</span> <span class='ocrx_word' id='word_1_148' title='bbox 950 2917 1035 2960; x_wconf 84' lang='lat' dir='ltr'>saxa</span> 
     </span>
    </p>

    <p class='ocr_par' dir='ltr' id='par_1_12' title="bbox 148 2995 1176 3602">
     <span class='ocr_line' id='line_1_25' title="bbox 345 2995 1147 3082; baseline 0.001 -23"><span class='ocrx_word' id='word_1_149' title='bbox 345 2995 531 3080; x_wconf 86' lang='lat' dir='ltr'>magnificas</span> <span class='ocrx_word' id='word_1_150' title='bbox 555 2995 651 3060; x_wconf 88' lang='lat' dir='ltr'>aedes</span> <span class='ocrx_word' id='word_1_151' title='bbox 675 3018 872 3082; x_wconf 86' lang='lat' dir='ltr'>operosaque</span> <span class='ocrx_word' id='word_1_152' title='bbox 895 2998 1000 3063; x_wconf 89' lang='lat' dir='ltr'>uisere</span> <span class='ocrx_word' id='word_1_153' title='bbox 1023 2998 1147 3082; x_wconf 89' lang='lat' dir='ltr'>templa</span> 
     </span>
     <span class='ocr_line' id='line_1_26' title="bbox 259 3095 1176 3164; baseline 0.005 -6"><span class='ocrx_word' id='word_1_154' title='bbox 259 3095 382 3160; x_wconf 88' lang='lat' dir='ltr'>diuitiis</span> <span class='ocrx_word' id='word_1_155' title='bbox 404 3096 573 3161; x_wconf 90' lang='lat' dir='ltr'>hominum</span> <span class='ocrx_word' id='word_1_156' title='bbox 599 3105 658 3162; x_wconf 87' lang='lat' dir='ltr'>aut</span> <span class='ocrx_word' id='word_1_157' title='bbox 683 3099 779 3162; x_wconf 87' lang='lat' dir='ltr'>sacris</span> <span class='ocrx_word' id='word_1_158' title='bbox 802 3100 1012 3164; x_wconf 85' lang='lat' dir='ltr'>memoranda</span> <span class='ocrx_word' id='word_1_159' title='bbox 1036 3099 1176 3164; x_wconf 87' lang='lat' dir='ltr'>uetustis</span> 
     </span>
     <span class='ocr_line' id='line_1_27' title="bbox 148 3188 1061 3286; baseline 0 -22"><span class='ocrx_word' id='word_1_160' title='bbox 148 3280 151 3285; x_wconf 22' lang='lat'><em>⁷</em></span> <span class='ocrx_word' id='word_1_161' title='bbox 258 3198 399 3264; x_wconf 88' lang='lat' dir='ltr'>traducti</span> <span class='ocrx_word' id='word_1_162' title='bbox 425 3188 527 3264; x_wconf 71' lang='lat' dir='ltr'>maiia</span> <span class='ocrx_word' id='word_1_163' title='bbox 549 3207 584 3266; x_wconf 90' lang='lat' dir='ltr'>et</span> <span class='ocrx_word' id='word_1_164' title='bbox 609 3208 711 3264; x_wconf 88' lang='lat' dir='ltr'>terras</span> <span class='ocrx_word' id='word_1_165' title='bbox 734 3221 793 3285; x_wconf 87' lang='lat' dir='ltr'>per</span> <span class='ocrx_word' id='word_1_166' title='bbox 815 3201 964 3286; x_wconf 88' lang='lat' dir='ltr'>proxima</span> <span class='ocrx_word' id='word_1_167' title='bbox 984 3201 1061 3266; x_wconf 85' lang='lat' dir='ltr'>fatis</span> 
     </span>
     <span class='ocr_line' id='line_1_28' title="bbox 258 3303 1118 3388; baseline 0 -20"><span class='ocrx_word' id='word_1_168' title='bbox 258 3303 423 3382; x_wconf 86' lang='lat' dir='ltr'>currimus,</span> <span class='ocrx_word' id='word_1_169' title='bbox 447 3310 545 3388; x_wconf 89' lang='lat' dir='ltr'>atque</span> <span class='ocrx_word' id='word_1_170' title='bbox 568 3303 658 3367; x_wconf 86' lang='lat' dir='ltr'>auidi</span> <span class='ocrx_word' id='word_1_171' title='bbox 680 3303 801 3368; x_wconf 90' lang='lat' dir='ltr'>ueteris</span> <span class='ocrx_word' id='word_1_172' title='bbox 822 3303 991 3368; x_wconf 87' lang='lat' dir='ltr'>mendacia</span> <span class='ocrx_word' id='word_1_173' title='bbox 1012 3304 1118 3368; x_wconf 84' lang='lat' dir='ltr'>famae</span> 
     </span>
     <span class='ocr_line' id='line_1_29' title="bbox 258 3405 1090 3492; baseline 0.002 -21"><span class='ocrx_word' id='word_1_174' title='bbox 258 3405 401 3471; x_wconf 87' lang='lat' dir='ltr'>eruimus</span> <span class='ocrx_word' id='word_1_175' title='bbox 424 3413 620 3491; x_wconf 84' lang='lat' dir='ltr'>cunctasque</span> <span class='ocrx_word' id='word_1_176' title='bbox 646 3406 727 3472; x_wconf 87' lang='lat' dir='ltr'>libet</span> <span class='ocrx_word' id='word_1_177' title='bbox 748 3429 933 3492; x_wconf 84' lang='lat' dir='ltr'>percurrere</span> <span class='ocrx_word' id='word_1_178' title='bbox 956 3415 1090 3492; x_wconf 89' lang='lat' dir='ltr'>gentes:</span> 
     </span>
     <span class='ocr_line' id='line_1_30' title="bbox 166 3509 1136 3602; baseline -0.002 -26"><span class='ocrx_word' id='word_1_179' title='bbox 166 3598 170 3602; x_wconf 17' lang='lat'>⁵</span> <span class='ocrx_word' id='word_1_180' title='bbox 257 3533 345 3576; x_wconf 92' lang='lat' dir='ltr'>nunc</span> <span class='ocrx_word' id='word_1_181' title='bbox 367 3511 462 3575; x_wconf 86' lang='lat' dir='ltr'>iuuat</span> <span class='ocrx_word' id='word_1_182' title='bbox 485 3509 619 3596; x_wconf 87' lang='lat' dir='ltr'>Ogygiis</span> <span class='ocrx_word' id='word_1_183' title='bbox 645 3510 844 3575; x_wconf 86' lang='lat' dir='ltr'>circumdata</span> <span class='ocrx_word' id='word_1_184' title='bbox 867 3510 996 3575; x_wconf 88' lang='lat' dir='ltr'>moenia</span> <span class='ocrx_word' id='word_1_185' title='bbox 1016 3510 1136 3575; x_wconf 86' lang='lat' dir='ltr'>Thebis</span> 
     </span>
    </p>
   </div>
   <div class='ocr_carea' id='block_1_3' title="bbox 170 3747 1380 4288">
    <p class='ocr_par' dir='ltr' id='par_1_13' title="bbox 170 3747 1380 4288">
     <span class='ocr_line' id='line_1_31' title="bbox 171 3747 1378 3816; baseline -0.001 -17"><span class='ocrx_word' id='word_1_186' title='bbox 171 3749 218 3800; x_wconf 82' lang='grc'>543</span> <span class='ocrx_word' id='word_1_187' title='bbox 235 3749 402 3804; x_wconf 74' lang='lat' dir='ltr'>Lenitiemu</span> <span class='ocrx_word' id='word_1_188' title='bbox 436 3751 573 3816; x_wconf 89' lang='lat' dir='ltr'>plumbum</span> <span class='ocrx_word' id='word_1_189' title='bbox 585 3754 712 3804; x_wconf 74' lang='lat' dir='ltr'>dorollos.</span> <span class='ocrx_word' id='word_1_190' title='bbox 745 3750 848 3814; x_wconf 89' lang='lat' dir='ltr'>plumbi</span> <span class='ocrx_word' id='word_1_191' title='bbox 864 3769 915 3802; x_wconf 74' lang='lat' dir='ltr'>aa.</span> <span class='ocrx_word' id='word_1_192' title='bbox 983 3747 1193 3812; x_wconf 70' lang='lat' dir='ltr'>sosprednraa</span> <span class='ocrx_word' id='word_1_193' title='bbox 1260 3748 1307 3801; x_wconf 87' lang='grc'>547</span> <span class='ocrx_word' id='word_1_194' title='bbox 1324 3762 1378 3799; x_wconf 91' lang='lat' dir='ltr'>sor-</span> 
     </span>
     <span class='ocr_line' id='line_1_32' title="bbox 170 3822 1380 3896; baseline 0 -20"><span class='ocrx_word' id='word_1_195' title='bbox 170 3827 272 3879; x_wconf 81' lang='lat' dir='ltr'>teiEd.</span> <span class='ocrx_word' id='word_1_196' title='bbox 300 3829 449 3891; x_wconf 65' lang='lat' dir='ltr'>sortsutt.</span> <span class='ocrx_word' id='word_1_197' title='bbox 485 3829 631 3896; x_wconf 65' lang='lat' dir='ltr'>sortipss‘.</span> <span class='ocrx_word' id='word_1_198' title='bbox 701 3829 749 3879; x_wconf 84' lang='grc'>546</span> <span class='ocrx_word' id='word_1_199' title='bbox 765 3829 961 3892; x_wconf 80' lang='lat' dir='ltr'>ingeniostEd.</span> <span class='ocrx_word' id='word_1_200' title='bbox 994 3826 1099 3890; x_wconf 82' lang='lat' dir='ltr'>ingenio</span> <span class='ocrx_word' id='word_1_201' title='bbox 1110 3822 1207 3886; x_wconf 66' lang='lat' dir='ltr'>estts&#39;</span> <span class='ocrx_word' id='word_1_202' title='bbox 1207 3862 1213 3876; x_wconf 89' lang='lat'><strong>.</strong></span> <span class='ocrx_word' id='word_1_203' title='bbox 1246 3824 1380 3888; x_wconf 81' lang='lat' dir='ltr'>ingenium</span> 
     </span>
     <span class='ocr_line' id='line_1_33' title="bbox 171 3902 1379 3968; baseline 0.001 -14"><span class='ocrx_word' id='word_1_204' title='bbox 171 3906 273 3957; x_wconf 77' lang='lat' dir='ltr'>estse.</span> <span class='ocrx_word' id='word_1_205' title='bbox 340 3907 388 3957; x_wconf 85' lang='grc'>549</span> <span class='ocrx_word' id='word_1_206' title='bbox 404 3908 472 3957; x_wconf 83' lang='lat' dir='ltr'>Nam</span> <span class='ocrx_word' id='word_1_207' title='bbox 482 3926 508 3958; x_wconf 80' lang='lat' dir='ltr'>o.</span> <span class='ocrx_word' id='word_1_208' title='bbox 545 3907 636 3960; x_wconf 70' lang='lat' dir='ltr'>Nece.</span> <span class='ocrx_word' id='word_1_209' title='bbox 669 3907 758 3968; x_wconf 69' lang='lat' dir='ltr'>Nont.</span> <span class='ocrx_word' id='word_1_210' title='bbox 795 3906 960 3968; x_wconf 87' lang='lat' dir='ltr'>proclususq;</span> <span class='ocrx_word' id='word_1_211' title='bbox 978 3922 1003 3955; x_wconf 82' lang='lat' dir='ltr'>o.</span> <span class='ocrx_word' id='word_1_212' title='bbox 1038 3902 1206 3965; x_wconf 87' lang='lat' dir='ltr'>peronlsuque</span> <span class='ocrx_word' id='word_1_213' title='bbox 1218 3902 1240 3954; x_wconf 82' lang='lat'>8.</span> <span class='ocrx_word' id='word_1_214' title='bbox 1276 3919 1379 3966; x_wconf 87' lang='lat' dir='ltr'>porcus-</span> 
     </span>
     <span class='ocr_line' id='line_1_34' title="bbox 172 3980 1375 4049; baseline 0.004 -19"><span class='ocrx_word' id='word_1_215' title='bbox 172 3997 321 4049; x_wconf 62' lang='lat' dir='ltr'>susqueqa</span> <span class='ocrx_word' id='word_1_216' title='bbox 356 3984 489 4046; x_wconf 84' lang='lat' dir='ltr'>perculsus</span> <span class='ocrx_word' id='word_1_217' title='bbox 501 3984 583 4045; x_wconf 73' lang='lat' dir='ltr'>ctts‘</span> <span class='ocrx_word' id='word_1_218' title='bbox 584 4021 591 4036; x_wconf 92' lang='lat'><strong>.</strong></span> <span class='ocrx_word' id='word_1_219' title='bbox 665 3984 712 4033; x_wconf 83' lang='lat'>551</span> <span class='ocrx_word' id='word_1_220' title='bbox 729 3997 860 4046; x_wconf 86' lang='lat' dir='ltr'>pressosq;</span> <span class='ocrx_word' id='word_1_221' title='bbox 879 4001 903 4033; x_wconf 76' lang='lat' dir='ltr'>a</span> <span class='ocrx_word' id='word_1_222' title='bbox 937 3980 1102 4046; x_wconf 68' lang='lat' dir='ltr'>coheroeup.</span> <span class='ocrx_word' id='word_1_223' title='bbox 1169 3980 1218 4029; x_wconf 89' lang='grc'>554</span> <span class='ocrx_word' id='word_1_224' title='bbox 1233 3996 1375 4035; x_wconf 71' lang='lat' dir='ltr'>moneres„</span> 
     </span>
     <span class='ocr_line' id='line_1_35' title="bbox 172 4057 1377 4122; baseline 0.004 -15"><span class='ocrx_word' id='word_1_225' title='bbox 172 4058 220 4108; x_wconf 88' lang='grc'><strong>556</strong></span> <span class='ocrx_word' id='word_1_226' title='bbox 238 4059 384 4110; x_wconf 80' lang='lat' dir='ltr'>Sustentari</span> <span class='ocrx_word' id='word_1_227' title='bbox 395 4060 427 4112; x_wconf 68' lang='grc' dir='ltr'>ς.</span> <span class='ocrx_word' id='word_1_228' title='bbox 482 4062 697 4113; x_wconf 74' lang='lat' dir='ltr'>Sustentars&#39;aoe.</span> <span class='ocrx_word' id='word_1_229' title='bbox 764 4060 968 4122; x_wconf 73' lang='lat' dir='ltr'>quantisdldua</span> <span class='ocrx_word' id='word_1_230' title='bbox 1035 4057 1178 4108; x_wconf 79' lang='lat' dir='ltr'>tontisuo.</span> <span class='ocrx_word' id='word_1_231' title='bbox 1244 4058 1377 4113; x_wconf 72' lang='lat' dir='ltr'>aethnae.</span> 
     </span>
     <span class='ocr_line' id='line_1_36' title="bbox 172 4135 1376 4192; baseline 0.003 -6"><span class='ocrx_word' id='word_1_232' title='bbox 172 4137 220 4187; x_wconf 90' lang='grc'>557</span> <span class='ocrx_word' id='word_1_233' title='bbox 232 4150 298 4187; x_wconf 76' lang='lat' dir='ltr'>aon.</span> <span class='ocrx_word' id='word_1_234' title='bbox 331 4152 384 4188; x_wconf 76' lang='lat' dir='ltr'>aa.</span> <span class='ocrx_word' id='word_1_235' title='bbox 418 4154 471 4188; x_wconf 91' lang='lat' dir='ltr'>non</span> <span class='ocrx_word' id='word_1_236' title='bbox 482 4141 568 4192; x_wconf 79' lang='lat' dir='ltr'>Aldus,</span> <span class='ocrx_word' id='word_1_237' title='bbox 602 4153 712 4190; x_wconf 78' lang='lat' dir='ltr'>nocua.</span> <span class='ocrx_word' id='word_1_238' title='bbox 763 4139 812 4188; x_wconf 84' lang='grc'><strong>560</strong></span> <span class='ocrx_word' id='word_1_239' title='bbox 824 4136 962 4187; x_wconf 69' lang='lat' dir='ltr'>additura</span> <span class='ocrx_word' id='word_1_240' title='bbox 999 4135 1103 4186; x_wconf 85' lang='lat' dir='ltr'>additus</span> <span class='ocrx_word' id='word_1_241' title='bbox 1112 4153 1141 4184; x_wconf 76' lang='lat' dir='ltr'>e.</span> <span class='ocrx_word' id='word_1_242' title='bbox 1204 4136 1251 4186; x_wconf 90' lang='grc'><strong>561</strong></span> <span class='ocrx_word' id='word_1_243' title='bbox 1263 4136 1376 4190; x_wconf 72' lang='lat' dir='ltr'>elisusu.</span> 
     </span>
     <span class='ocr_line' id='line_1_37' title="bbox 172 4211 1376 4288; baseline 0.001 -26"><span class='ocrx_word' id='word_1_244' title='bbox 172 4211 243 4262; x_wconf 85' lang='lat' dir='ltr'>elisis</span> <span class='ocrx_word' id='word_1_245' title='bbox 254 4229 281 4263; x_wconf 76' lang='lat' dir='ltr'>u.</span> <span class='ocrx_word' id='word_1_246' title='bbox 365 4213 412 4263; x_wconf 75' lang='grc'><strong>562</strong></span> <span class='ocrx_word' id='word_1_247' title='bbox 429 4229 531 4277; x_wconf 87' lang='lat' dir='ltr'>operae</span> <span class='ocrx_word' id='word_1_248' title='bbox 550 4214 644 4280; x_wconf 76' lang='grc' dir='ltr'>αγδι.</span> <span class='ocrx_word' id='word_1_249' title='bbox 727 4213 775 4264; x_wconf 87' lang='grc'>564</span> <span class='ocrx_word' id='word_1_250' title='bbox 792 4212 1011 4278; x_wconf 65' lang='lat' dir='ltr'>Examinantap.</span> <span class='ocrx_word' id='word_1_251' title='bbox 1047 4212 1169 4288; x_wconf 74' lang='lat' dir='ltr'>nentrum</span> <span class='ocrx_word' id='word_1_252' title='bbox 1182 4228 1208 4263; x_wconf 68' lang='lat' dir='ltr'>a</span> <span class='ocrx_word' id='word_1_253' title='bbox 1243 4213 1336 4261; x_wconf 88' lang='lat' dir='ltr'>uentos</span> <span class='ocrx_word' id='word_1_254' title='bbox 1349 4230 1376 4263; x_wconf 74' lang='grc' dir='ltr'>ω.</span> 
     </span>
    </p>
   </div>
   <div class='ocr_carea' id='block_1_4' title="bbox 172 4296 1379 4451">
    <p class='ocr_par' dir='ltr' id='par_1_14' title="bbox 172 4296 1379 4451">
     <span class='ocr_line' id='line_1_38' title="bbox 173 4296 1377 4365; baseline -0.002 -13"><span class='ocrx_word' id='word_1_255' title='bbox 173 4301 221 4352; x_wconf 91' lang='grc'>565</span> <span class='ocrx_word' id='word_1_256' title='bbox 238 4300 321 4350; x_wconf 82' lang='lat' dir='ltr'>forma</span> <span class='ocrx_word' id='word_1_257' title='bbox 333 4300 392 4352; x_wconf 75' lang='lat' dir='ltr'>oar.</span> <span class='ocrx_word' id='word_1_258' title='bbox 410 4303 481 4365; x_wconf 83' lang='lat' dir='ltr'>Wolf.</span> <span class='ocrx_word' id='word_1_259' title='bbox 531 4302 601 4352; x_wconf 81' lang='lat' dir='ltr'>fama</span> <span class='ocrx_word' id='word_1_260' title='bbox 615 4319 667 4353; x_wconf 73' lang='lat' dir='ltr'>aa.</span> <span class='ocrx_word' id='word_1_261' title='bbox 718 4303 956 4363; x_wconf 75' lang='lat' dir='ltr'>summsScalipcr.</span> <span class='ocrx_word' id='word_1_262' title='bbox 1006 4299 1128 4362; x_wconf 76' lang='lat' dir='ltr'>ignobilis</span> <span class='ocrx_word' id='word_1_263' title='bbox 1145 4298 1230 4348; x_wconf 84' lang='lat' dir='ltr'>utitur</span> <span class='ocrx_word' id='word_1_264' title='bbox 1246 4296 1377 4349; x_wconf 76' lang='lat' dir='ltr'>aethnae.</span> 
     </span>
     <span class='ocr_line' id='line_1_39' title="bbox 172 4373 1379 4451; baseline -0.002 -21"><span class='ocrx_word' id='word_1_265' title='bbox 172 4379 221 4431; x_wconf 92' lang='grc'><strong>567</strong></span> <span class='ocrx_word' id='word_1_266' title='bbox 237 4379 279 4429; x_wconf 88' lang='lat' dir='ltr'>uis</span> <span class='ocrx_word' id='word_1_267' title='bbox 297 4379 320 4430; x_wconf 89' lang='lat' dir='ltr'>it</span> <span class='ocrx_word' id='word_1_268' title='bbox 338 4381 392 4429; x_wconf 80' lang='lat' dir='ltr'>Ed.</span> <span class='ocrx_word' id='word_1_269' title='bbox 426 4378 555 4431; x_wconf 78' lang='lat' dir='ltr'>uiuitao.</span> <span class='ocrx_word' id='word_1_270' title='bbox 690 4378 738 4429; x_wconf 84' lang='grc'><strong>568</strong></span> <span class='ocrx_word' id='word_1_271' title='bbox 755 4380 832 4429; x_wconf 85' lang='lat' dir='ltr'>aedes</span> <span class='ocrx_word' id='word_1_272' title='bbox 842 4381 923 4428; x_wconf 75' lang='lat' dir='ltr'>Aldus</span> <span class='ocrx_word' id='word_1_273' title='bbox 935 4377 1005 4428; x_wconf 86' lang='grc'><strong>1534.</strong></span> <span class='ocrx_word' id='word_1_274' title='bbox 1049 4377 1200 4427; x_wconf 74' lang='lat' dir='ltr'>laudasse.</span> <span class='ocrx_word' id='word_1_275' title='bbox 1243 4373 1379 4451; x_wconf 73' lang='lat' dir='ltr'>uiscerea</span> 
     </span>
    </p>
   </div>
   <div class='ocr_carea' id='block_1_5' title="bbox 172 4463 1382 4606">
    <p class='ocr_par' dir='ltr' id='par_1_15' title="bbox 172 4463 1382 4606">
     <span class='ocr_line' id='line_1_40' title="bbox 173 4463 1382 4529; baseline 0.002 -13"><span class='ocrx_word' id='word_1_276' title='bbox 173 4466 302 4518; x_wconf 79' lang='lat' dir='ltr'>niscerea</span> <span class='ocrx_word' id='word_1_277' title='bbox 438 4465 485 4516; x_wconf 86' lang='grc'><strong>569</strong></span> <span class='ocrx_word' id='word_1_278' title='bbox 503 4466 581 4516; x_wconf 83' lang='lat' dir='ltr'>sacris</span> <span class='ocrx_word' id='word_1_279' title='bbox 593 4465 761 4516; x_wconf 81' lang='lat' dir='ltr'>memoranda</span> <span class='ocrx_word' id='word_1_280' title='bbox 772 4466 885 4516; x_wconf 86' lang='lat' dir='ltr'>uetustis</span> <span class='ocrx_word' id='word_1_281' title='bbox 896 4469 951 4516; x_wconf 79' lang='lat' dir='ltr'>Ed.</span> <span class='ocrx_word' id='word_1_282' title='bbox 984 4479 1094 4517; x_wconf 70' lang='lat' dir='ltr'>sacras</span> <span class='ocrx_word' id='word_1_283' title='bbox 1107 4467 1189 4528; x_wconf 84' lang='lat' dir='ltr'>(soora</span> <span class='ocrx_word' id='word_1_284' title='bbox 1199 4463 1227 4529; x_wconf 74' lang='grc' dir='ltr'>υ)</span> <span class='ocrx_word' id='word_1_285' title='bbox 1239 4478 1382 4518; x_wconf 75' lang='lat' dir='ltr'>memorare</span> 
     </span>
     <span class='ocr_line' id='line_1_41' title="bbox 172 4540 1382 4606; baseline 0.001 -12"><span class='ocrx_word' id='word_1_286' title='bbox 172 4545 354 4595; x_wconf 75' lang='lat' dir='ltr'>uetustasue.</span> <span class='ocrx_word' id='word_1_287' title='bbox 406 4556 477 4593; x_wconf 83' lang='lat' dir='ltr'>sacra</span> <span class='ocrx_word' id='word_1_288' title='bbox 487 4556 615 4594; x_wconf 82' lang='lat' dir='ltr'>marmora</span> <span class='ocrx_word' id='word_1_289' title='bbox 626 4557 700 4594; x_wconf 86' lang='lat' dir='ltr'>resne</span> <span class='ocrx_word' id='word_1_290' title='bbox 711 4545 831 4596; x_wconf 82' lang='lat' dir='ltr'>uetustas</span> <span class='ocrx_word' id='word_1_291' title='bbox 842 4545 964 4606; x_wconf 68' lang='lat' dir='ltr'>svortaer.</span> <span class='ocrx_word' id='word_1_292' title='bbox 1063 4542 1112 4594; x_wconf 87' lang='grc'>570</span> <span class='ocrx_word' id='word_1_293' title='bbox 1128 4540 1382 4595; x_wconf 61' lang='lat' dir='ltr'>muceranus«</span> 
     </span>
    </p>
   </div>
   <div class='ocr_carea' id='block_1_6' title="bbox 0 0 1660 5167">
    <p class='ocr_par' dir='ltr' id='par_1_16' title="bbox 0 0 1660 5167">
     <span class='ocr_line' id='line_1_42' title="bbox 0 0 1660 5167; baseline 0 0"><span class='ocrx_word' id='word_1_294' title='bbox 0 0 1660 5167; x_wconf 95' lang='lat' dir='ltr'> </span> 
     </span>
    </p>
   </div>
  </div>
 </body>
</html>
