<?xml version="1.0" encoding="UTF-8"?>
<!DOCTYPE html PUBLIC "-//W3C//DTD XHTML 1.0 Transitional//EN"
    "http://www.w3.org/TR/xhtml1/DTD/xhtml1-transitional.dtd">
<html xmlns="http://www.w3.org/1999/xhtml" xml:lang="en" lang="en">
 <head>
  <title>
</title>
<meta http-equiv="Content-Type" content="text/html;charset=utf-8" />
  <meta name='ocr-system' content='tesseract 3.04.00' />
  <meta name='ocr-capabilities' content='ocr_page ocr_carea ocr_par ocr_line ocrx_word'/>
</head>
<body>
  <div class='ocr_page' id='page_1' title='image "./tna02munrgoog_0021.png"; bbox 0 0 3309 5167; ppageno 0'>
   <div class='ocr_carea' id='block_1_1' title="bbox 752 442 786 507">
    <p class='ocr_par' dir='ltr' id='par_1_1' title="bbox 752 442 786 507">
     <span class='ocr_line' id='line_1_1' title="bbox 752 442 786 507; baseline 0 0"><span class='ocrx_word' id='word_1_1' title='bbox 752 442 786 507; x_wconf 80' lang='lat'>15</span> 
     </span>
    </p>
   </div>
   <div class='ocr_carea' id='block_1_2' title="bbox 120 587 1377 3449">
    <p class='ocr_par' dir='ltr' id='par_1_2' title="bbox 120 587 1377 3449">
     <span class='ocr_line' id='line_1_2' title="bbox 253 587 1113 676; baseline 0.007 -23"><span class='ocrx_word' id='word_1_2' title='bbox 253 611 313 654; x_wconf 89' lang='lat' dir='ltr'>nec</span> <span class='ocrx_word' id='word_1_3' title='bbox 334 610 452 674; x_wconf 84' lang='lat' dir='ltr'>paruas</span> <span class='ocrx_word' id='word_1_4' title='bbox 470 587 639 654; x_wconf 78' lang='lat' dir='ltr'><strong>mendicat</strong></span> <span class='ocrx_word' id='word_1_5' title='bbox 660 611 737 674; x_wconf 88' lang='lat' dir='ltr'>opes</span> <span class='ocrx_word' id='word_1_6' title='bbox 752 610 815 654; x_wconf 90' lang='lat' dir='ltr'>nec</span> <span class='ocrx_word' id='word_1_7' title='bbox 838 598 989 676; x_wconf 78' lang='lat' dir='ltr'>contegat</span> <span class='ocrx_word' id='word_1_8' title='bbox 1012 614 1113 659; x_wconf 85' lang='lat' dir='ltr'>suras.</span> 
     </span>
     <span class='ocr_line' id='line_1_3' title="bbox 252 694 1154 781; baseline 0.007 -26"><span class='ocrx_word' id='word_1_9' title='bbox 252 699 380 777; x_wconf 88' lang='lat' dir='ltr'>praesto</span> <span class='ocrx_word' id='word_1_10' title='bbox 403 699 479 756; x_wconf 90' lang='lat' dir='ltr'>sunt</span> <span class='ocrx_word' id='word_1_11' title='bbox 501 713 617 776; x_wconf 83' lang='lat' dir='ltr'>operse</span> <span class='ocrx_word' id='word_1_12' title='bbox 638 700 813 757; x_wconf 88' lang='lat' dir='ltr'>uentorum</span> <span class='ocrx_word' id='word_1_13' title='bbox 836 694 987 758; x_wconf 84' lang='lat' dir='ltr'>examine</span> <span class='ocrx_word' id='word_1_14' title='bbox 1007 715 1154 781; x_wconf 78' lang='lat' dir='ltr'>semper:</span> 
     </span>
     <span class='ocr_line' id='line_1_4' title="bbox 252 793 1119 880; baseline 0.006 -24"><span class='ocrx_word' id='word_1_15' title='bbox 252 815 348 857; x_wconf 87' lang='lat' dir='ltr'>causa</span> <span class='ocrx_word' id='word_1_16' title='bbox 369 793 450 857; x_wconf 89' lang='lat' dir='ltr'>latet</span> <span class='ocrx_word' id='word_1_17' title='bbox 472 815 556 877; x_wconf 85' lang='lat' dir='ltr'>quae</span> <span class='ocrx_word' id='word_1_18' title='bbox 577 801 708 878; x_wconf 81' lang='lat' dir='ltr'><strong>rumpat</strong></span> <span class='ocrx_word' id='word_1_19' title='bbox 730 793 793 858; x_wconf 87' lang='lat' dir='ltr'>iter</span> <span class='ocrx_word' id='word_1_20' title='bbox 814 803 972 880; x_wconf 85' lang='lat' dir='ltr'>cogatque</span> <span class='ocrx_word' id='word_1_21' title='bbox 994 797 1119 861; x_wconf 85' lang='lat' dir='ltr'>morari.</span> 
     </span>
     <span class='ocr_line' id='line_1_5' title="bbox 253 895 1062 981; baseline 0.006 -23"><span class='ocrx_word' id='word_1_22' title='bbox 253 918 348 980; x_wconf 82' lang='lat' dir='ltr'>saepe</span> <span class='ocrx_word' id='word_1_23' title='bbox 369 895 489 980; x_wconf 79' lang='lat' dir='ltr'>premit</span> <span class='ocrx_word' id='word_1_24' title='bbox 510 896 618 962; x_wconf 78' lang='lat' dir='ltr'>fauces</span> <span class='ocrx_word' id='word_1_25' title='bbox 640 898 766 981; x_wconf 81' lang='lat' dir='ltr'>magnis</span> <span class='ocrx_word' id='word_1_26' title='bbox 789 905 937 962; x_wconf 84' lang='lat' dir='ltr'>extructa</span> <span class='ocrx_word' id='word_1_27' title='bbox 959 898 1062 963; x_wconf 88' lang='lat' dir='ltr'>ruinis</span> 
     </span>
     <span class='ocr_line' id='line_1_6' title="bbox 152 989 1066 1085; baseline 0.005 -22"><span class='ocrx_word' id='word_1_28' title='bbox 152 989 155 996; x_wconf 50' lang='lat'><strong>¹</strong></span> <span class='ocrx_word' id='word_1_29' title='bbox 252 1000 414 1085; x_wconf 86' lang='lat' dir='ltr'>congeries</span> <span class='ocrx_word' id='word_1_30' title='bbox 436 1000 622 1085; x_wconf 73' lang='lat' dir='ltr'>clauditque</span> <span class='ocrx_word' id='word_1_31' title='bbox 644 1001 715 1066; x_wconf 84' lang='lat' dir='ltr'>uias</span> <span class='ocrx_word' id='word_1_32' title='bbox 737 1002 914 1066; x_wconf 85' lang='lat' dir='ltr'>luctamine</span> <span class='ocrx_word' id='word_1_33' title='bbox 936 1003 978 1067; x_wconf 86' lang='lat' dir='ltr'>ab</span> <span class='ocrx_word' id='word_1_34' title='bbox 1000 1003 1066 1068; x_wconf 90' lang='lat' dir='ltr'>imo</span> 
     </span>
     <span class='ocr_line' id='line_1_7' title="bbox 253 1101 1072 1188; baseline 0.002 -23"><span class='ocrx_word' id='word_1_35' title='bbox 253 1109 294 1177; x_wconf 89' lang='lat' dir='ltr'>et,</span> <span class='ocrx_word' id='word_1_36' title='bbox 318 1101 418 1187; x_wconf 90' lang='lat' dir='ltr'>spisso</span> <span class='ocrx_word' id='word_1_37' title='bbox 439 1102 544 1168; x_wconf 87' lang='lat' dir='ltr'>ueluti</span> <span class='ocrx_word' id='word_1_38' title='bbox 566 1111 660 1176; x_wconf 85' lang='lat' dir='ltr'>tecte,</span> <span class='ocrx_word' id='word_1_39' title='bbox 684 1103 745 1166; x_wconf 90' lang='lat' dir='ltr'>sub</span> <span class='ocrx_word' id='word_1_40' title='bbox 764 1104 906 1187; x_wconf 89' lang='lat' dir='ltr'>pondere</span> <span class='ocrx_word' id='word_1_41' title='bbox 926 1111 1072 1188; x_wconf 85' lang='lat' dir='ltr'>praestat</span> 
     </span>
     <span class='ocr_line' id='line_1_8' title="bbox 252 1205 1203 1292; baseline 0.001 -23"><span class='ocrx_word' id='word_1_42' title='bbox 252 1205 340 1270; x_wconf 89' lang='lat' dir='ltr'>haud</span> <span class='ocrx_word' id='word_1_43' title='bbox 364 1205 462 1270; x_wconf 82' lang='lat' dir='ltr'>simili</span> <span class='ocrx_word' id='word_1_44' title='bbox 485 1214 627 1291; x_wconf 75' lang='lat' dir='ltr'>strepere</span> <span class='ocrx_word' id='word_1_45' title='bbox 650 1206 709 1270; x_wconf 91' lang='lat' dir='ltr'>hos</span> <span class='ocrx_word' id='word_1_46' title='bbox 732 1228 837 1284; x_wconf 91' lang='lat' dir='ltr'>cursu,</span> <span class='ocrx_word' id='word_1_47' title='bbox 861 1230 936 1272; x_wconf 87' lang='lat' dir='ltr'>eum</span> <span class='ocrx_word' id='word_1_48' title='bbox 959 1207 1076 1292; x_wconf 81' lang='lat' dir='ltr'>frigida</span> <span class='ocrx_word' id='word_1_49' title='bbox 1099 1207 1203 1272; x_wconf 86' lang='lat' dir='ltr'>menti</span> 
     </span>
     <span class='ocr_line' id='line_1_9' title="bbox 254 1307 1021 1393; baseline 0.005 -23"><span class='ocrx_word' id='word_1_50' title='bbox 254 1307 377 1372; x_wconf 89' lang='lat' dir='ltr'>desidia</span> <span class='ocrx_word' id='word_1_51' title='bbox 400 1317 449 1372; x_wconf 90' lang='lat' dir='ltr'>est</span> <span class='ocrx_word' id='word_1_52' title='bbox 473 1315 609 1393; x_wconf 87' lang='lat' dir='ltr'>tutoque</span> <span class='ocrx_word' id='word_1_53' title='bbox 635 1309 711 1374; x_wconf 89' lang='lat' dir='ltr'>licet</span> <span class='ocrx_word' id='word_1_54' title='bbox 734 1308 881 1382; x_wconf 86' lang='lat' dir='ltr'>desidere</span> <span class='ocrx_word' id='word_1_55' title='bbox 904 1309 1021 1374; x_wconf 89' lang='lat' dir='ltr'>uentis.</span> 
     </span>
     <span class='ocr_line' id='line_1_10' title="bbox 120 1395 1058 1495; baseline 0 -21"><span class='ocrx_word' id='word_1_56' title='bbox 120 1395 124 1403; x_wconf 44' lang='lat'>¹</span> <span class='ocrx_word' id='word_1_57' title='bbox 171 1469 173 1474; x_wconf 90' lang='lat'><em>.</em></span> <span class='ocrx_word' id='word_1_58' title='bbox 253 1418 326 1495; x_wconf 90' lang='lat' dir='ltr'>post</span> <span class='ocrx_word' id='word_1_59' title='bbox 347 1411 405 1475; x_wconf 92' lang='lat' dir='ltr'>ubi</span> <span class='ocrx_word' id='word_1_60' title='bbox 426 1403 620 1490; x_wconf 83' lang='lat' dir='ltr'>conticuere,¹</span> <span class='ocrx_word' id='word_1_61' title='bbox 641 1433 731 1476; x_wconf 89' lang='lat' dir='ltr'>mora</span> <span class='ocrx_word' id='word_1_62' title='bbox 754 1411 898 1476; x_wconf 88' lang='lat' dir='ltr'>uelocius</span> <span class='ocrx_word' id='word_1_63' title='bbox 920 1420 1058 1495; x_wconf 86' lang='lat' dir='ltr'>urgent:</span> 
     </span>
     <span class='ocr_line' id='line_1_11' title="bbox 252 1514 1375 1600; baseline 0 -23"><span class='ocrx_word' id='word_1_64' title='bbox 252 1514 380 1598; x_wconf 89' lang='lat' dir='ltr'>pellunt</span> <span class='ocrx_word' id='word_1_65' title='bbox 402 1515 541 1600; x_wconf 89' lang='lat' dir='ltr'>oppositi</span> <span class='ocrx_word' id='word_1_66' title='bbox 561 1515 662 1580; x_wconf 85' lang='lat' dir='ltr'>meles</span> <span class='ocrx_word' id='word_1_67' title='bbox 686 1537 723 1579; x_wconf 86' lang='lat' dir='ltr'>ac</span> <span class='ocrx_word' id='word_1_68' title='bbox 746 1514 879 1579; x_wconf 83' lang='lat' dir='ltr'>uincula</span> <span class='ocrx_word' id='word_1_69' title='bbox 901 1522 1068 1598; x_wconf 89' lang='lat' dir='ltr'>rumpunt,</span> <span class='ocrx_word' id='word_1_70' title='bbox 1116 1519 1120 1530; x_wconf 86' lang='lat'><em>‘</em></span> <span class='ocrx_word' id='word_1_71' title='bbox 1312 1515 1375 1594; x_wconf 89' lang='lat'>380</span> 
     </span>
     <span class='ocr_line' id='line_1_12' title="bbox 254 1616 1244 1705; baseline 0.003 -24"><span class='ocrx_word' id='word_1_72' title='bbox 254 1618 407 1702; x_wconf 90' lang='lat' dir='ltr'>quicquid</span> <span class='ocrx_word' id='word_1_73' title='bbox 431 1619 467 1682; x_wconf 90' lang='lat' dir='ltr'>in</span> <span class='ocrx_word' id='word_1_74' title='bbox 490 1619 659 1703; x_wconf 90' lang='lat' dir='ltr'>obliquum</span> <span class='ocrx_word' id='word_1_75' title='bbox 685 1627 742 1695; x_wconf 89' lang='lat' dir='ltr'>est,</span> <span class='ocrx_word' id='word_1_76' title='bbox 771 1620 927 1705; x_wconf 85' lang='lat' dir='ltr'>frangunt</span> <span class='ocrx_word' id='word_1_77' title='bbox 952 1620 1024 1694; x_wconf 89' lang='lat' dir='ltr'>iter,</span> <span class='ocrx_word' id='word_1_78' title='bbox 1050 1617 1152 1684; x_wconf 85' lang='lat' dir='ltr'>acrior</span> <span class='ocrx_word' id='word_1_79' title='bbox 1176 1616 1244 1684; x_wconf 90' lang='lat' dir='ltr'>ictu</span> 
     </span>
     <span class='ocr_line' id='line_1_13' title="bbox 253 1719 1021 1808; baseline 0.008 -26"><span class='ocrx_word' id='word_1_80' title='bbox 253 1719 396 1805; x_wconf 90' lang='lat' dir='ltr'>impetus</span> <span class='ocrx_word' id='word_1_81' title='bbox 418 1721 568 1798; x_wconf 82' lang='lat' dir='ltr'>exoritur,</span> <span class='ocrx_word' id='word_1_82' title='bbox 593 1723 719 1807; x_wconf 86' lang='lat' dir='ltr'>magnis</span> <span class='ocrx_word' id='word_1_83' title='bbox 744 1731 876 1808; x_wconf 87' lang='lat' dir='ltr'>operata</span> <span class='ocrx_word' id='word_1_84' title='bbox 899 1723 1021 1808; x_wconf 83' lang='lat' dir='ltr'>rapinis</span> 
     </span>
     <span class='ocr_line' id='line_1_14' title="bbox 253 1822 1165 1910; baseline 0.004 -25"><span class='ocrx_word' id='word_1_85' title='bbox 253 1822 385 1890; x_wconf 84' lang='lat' dir='ltr'>flamma</span> <span class='ocrx_word' id='word_1_86' title='bbox 408 1822 508 1888; x_wconf 85' lang='lat' dir='ltr'>micat</span> <span class='ocrx_word' id='word_1_87' title='bbox 530 1825 677 1909; x_wconf 89' lang='lat' dir='ltr'>latosque</span> <span class='ocrx_word' id='word_1_88' title='bbox 702 1847 800 1890; x_wconf 89' lang='lat' dir='ltr'>ruens</span> <span class='ocrx_word' id='word_1_89' title='bbox 824 1826 971 1891; x_wconf 85' lang='lat' dir='ltr'>exundat</span> <span class='ocrx_word' id='word_1_90' title='bbox 994 1826 1029 1891; x_wconf 87' lang='lat' dir='ltr'>in</span> <span class='ocrx_word' id='word_1_91' title='bbox 1052 1847 1165 1910; x_wconf 83' lang='lat' dir='ltr'>sgrcs;</span> 
     </span>
     <span class='ocr_line' id='line_1_15' title="bbox 254 1924 999 2011; baseline 0.004 -23"><span class='ocrx_word' id='word_1_92' title='bbox 254 1924 281 1988; x_wconf 90' lang='lat' dir='ltr'>si</span> <span class='ocrx_word' id='word_1_93' title='bbox 303 1933 426 1989; x_wconf 87' lang='lat' dir='ltr'>cessata</span> <span class='ocrx_word' id='word_1_94' title='bbox 447 1925 504 1989; x_wconf 91' lang='lat' dir='ltr'>diu</span> <span class='ocrx_word' id='word_1_95' title='bbox 525 1925 671 1990; x_wconf 89' lang='lat' dir='ltr'>referunt</span> <span class='ocrx_word' id='word_1_96' title='bbox 692 1927 877 2011; x_wconf 87' lang='lat' dir='ltr'>spectacula</span> <span class='ocrx_word' id='word_1_97' title='bbox 898 1927 999 1992; x_wconf 86' lang='lat' dir='ltr'>uenti</span> 
     </span>
     <span class='ocr_line' id='line_1_16' title="bbox 255 2026 1371 2112; baseline 0.003 -24"><span class='ocrx_word' id='word_1_98' title='bbox 255 2047 342 2089; x_wconf 92' lang='lat' dir='ltr'>nunc</span> <span class='ocrx_word' id='word_1_99' title='bbox 367 2035 522 2111; x_wconf 89' lang='lat' dir='ltr'>superant</span> <span class='ocrx_word' id='word_1_100' title='bbox 545 2049 768 2112; x_wconf 89' lang='lat' dir='ltr'>quaecumque</span> <span class='ocrx_word' id='word_1_101' title='bbox 789 2028 900 2112; x_wconf 80' lang='lat' dir='ltr'>rigant</span> <span class='ocrx_word' id='word_1_102' title='bbox 924 2027 1075 2092; x_wconf 86' lang='lat' dir='ltr'>incendia</span> <span class='ocrx_word' id='word_1_103' title='bbox 1097 2026 1218 2107; x_wconf 85' lang='lat' dir='ltr'>siluae3</span> <span class='ocrx_word' id='word_1_104' title='bbox 1311 2030 1371 2109; x_wconf 80' lang='lat'>385</span> 
     </span>
     <span class='ocr_line' id='line_1_17' title="bbox 255 2126 1230 2215; baseline 0.004 -25"><span class='ocrx_word' id='word_1_105' title='bbox 255 2148 338 2210; x_wconf 87' lang='lat' dir='ltr'>quae</span> <span class='ocrx_word' id='word_1_106' title='bbox 361 2126 501 2192; x_wconf 90' lang='lat' dir='ltr'>flammis</span> <span class='ocrx_word' id='word_1_107' title='bbox 525 2129 681 2196; x_wconf 89' lang='lat' dir='ltr'>alimenta</span> <span class='ocrx_word' id='word_1_108' title='bbox 704 2138 831 2206; x_wconf 88' lang='lat' dir='ltr'>uocant,</span> <span class='ocrx_word' id='word_1_109' title='bbox 857 2129 944 2215; x_wconf 91' lang='lat' dir='ltr'>quod</span> <span class='ocrx_word' id='word_1_110' title='bbox 967 2129 1093 2194; x_wconf 86' lang='lat' dir='ltr'>nutriet</span> <span class='ocrx_word' id='word_1_111' title='bbox 1114 2128 1230 2208; x_wconf 78' lang='lat' dir='ltr'>Aetna,</span> 
     </span>
     <span class='ocr_line' id='line_1_18' title="bbox 254 2227 996 2313; baseline 0.008 -23"><span class='ocrx_word' id='word_1_112' title='bbox 254 2227 383 2293; x_wconf 90' lang='lat' dir='ltr'>incendi</span> <span class='ocrx_word' id='word_1_113' title='bbox 404 2236 576 2313; x_wconf 87' lang='lat' dir='ltr'>poterunt:</span> <span class='ocrx_word' id='word_1_114' title='bbox 604 2231 670 2295; x_wconf 91' lang='lat' dir='ltr'>illis</span> <span class='ocrx_word' id='word_1_115' title='bbox 692 2233 868 2296; x_wconf 88' lang='lat' dir='ltr'>nemacula</span> <span class='ocrx_word' id='word_1_116' title='bbox 891 2232 996 2296; x_wconf 84' lang='lat' dir='ltr'>causis</span> 
     </span>
     <span class='ocr_line' id='line_1_19' title="bbox 255 2333 1153 2422; baseline 0.007 -27"><span class='ocrx_word' id='word_1_117' title='bbox 255 2333 392 2397; x_wconf 86' lang='lat' dir='ltr'>materia</span> <span class='ocrx_word' id='word_1_118' title='bbox 415 2334 662 2420; x_wconf 81' lang='lat' dir='ltr'>adpositumque</span> <span class='ocrx_word' id='word_1_119' title='bbox 686 2337 754 2422; x_wconf 83' lang='lat' dir='ltr'>igni</span> <span class='ocrx_word' id='word_1_120' title='bbox 776 2359 880 2422; x_wconf 88' lang='lat' dir='ltr'>genus</span> <span class='ocrx_word' id='word_1_121' title='bbox 903 2338 985 2402; x_wconf 87' lang='lat' dir='ltr'>utile</span> <span class='ocrx_word' id='word_1_122' title='bbox 1009 2343 1153 2401; x_wconf 85' lang='lat' dir='ltr'>terraest</span> 
     </span>
     <span class='ocr_line' id='line_1_20' title="bbox 255 2435 1101 2526; baseline 0.006 -28"><span class='ocrx_word' id='word_1_123' title='bbox 255 2435 361 2498; x_wconf 88' lang='lat' dir='ltr'>uritur</span> <span class='ocrx_word' id='word_1_124' title='bbox 384 2437 511 2506; x_wconf 78' lang='lat' dir='ltr'>assidue</span> <span class='ocrx_word' id='word_1_125' title='bbox 534 2439 655 2504; x_wconf 88' lang='lat' dir='ltr'>calidus</span> <span class='ocrx_word' id='word_1_126' title='bbox 678 2460 765 2505; x_wconf 89' lang='lat' dir='ltr'>nunc</span> <span class='ocrx_word' id='word_1_127' title='bbox 790 2441 953 2526; x_wconf 83' lang='lat' dir='ltr'>sulphuris</span> <span class='ocrx_word' id='word_1_128' title='bbox 976 2441 1101 2517; x_wconf 88' lang='lat' dir='ltr'>humor,</span> 
     </span>
     <span class='ocr_line' id='line_1_21' title="bbox 256 2539 1377 2627; baseline 0.004 -26"><span class='ocrx_word' id='word_1_129' title='bbox 256 2545 343 2602; x_wconf 88' lang='lat' dir='ltr'>nunc</span> <span class='ocrx_word' id='word_1_130' title='bbox 367 2539 487 2624; x_wconf 89' lang='lat' dir='ltr'>spissus</span> <span class='ocrx_word' id='word_1_131' title='bbox 512 2541 621 2606; x_wconf 88' lang='lat' dir='ltr'>crebro</span> <span class='ocrx_word' id='word_1_132' title='bbox 645 2543 820 2627; x_wconf 87' lang='lat' dir='ltr'>praebetur</span> <span class='ocrx_word' id='word_1_133' title='bbox 843 2543 987 2608; x_wconf 83' lang='lat' dir='ltr'>alumine</span> <span class='ocrx_word' id='word_1_134' title='bbox 1010 2564 1116 2619; x_wconf 87' lang='lat' dir='ltr'>sucus,</span> <span class='ocrx_word' id='word_1_135' title='bbox 1313 2555 1377 2620; x_wconf 83' lang='lat'>390</span> 
     </span>
     <span class='ocr_line' id='line_1_22' title="bbox 255 2642 1210 2734; baseline 0.004 -29"><span class='ocrx_word' id='word_1_136' title='bbox 255 2642 376 2728; x_wconf 85' lang='lat' dir='ltr'>pingue</span> <span class='ocrx_word' id='word_1_137' title='bbox 401 2645 552 2710; x_wconf 87' lang='lat' dir='ltr'>bitumen</span> <span class='ocrx_word' id='word_1_138' title='bbox 574 2646 666 2712; x_wconf 86' lang='lat' dir='ltr'>adest</span> <span class='ocrx_word' id='word_1_139' title='bbox 689 2656 724 2712; x_wconf 88' lang='lat' dir='ltr'>et</span> <span class='ocrx_word' id='word_1_140' title='bbox 748 2647 903 2734; x_wconf 90' lang='lat' dir='ltr'>quicquid</span> <span class='ocrx_word' id='word_1_141' title='bbox 924 2645 1106 2712; x_wconf 85' lang='lat' dir='ltr'>comminus</span> <span class='ocrx_word' id='word_1_142' title='bbox 1129 2642 1210 2709; x_wconf 83' lang='lat' dir='ltr'>acris</span> 
     </span>
     <span class='ocr_line' id='line_1_23' title="bbox 255 2747 1042 2836; baseline 0.004 -25"><span class='ocrx_word' id='word_1_143' title='bbox 255 2747 362 2813; x_wconf 87' lang='lat' dir='ltr'>irritet</span> <span class='ocrx_word' id='word_1_144' title='bbox 385 2748 551 2815; x_wconf 85' lang='lat' dir='ltr'>flammas:</span> <span class='ocrx_word' id='word_1_145' title='bbox 575 2751 662 2816; x_wconf 90' lang='lat' dir='ltr'>illius</span> <span class='ocrx_word' id='word_1_146' title='bbox 686 2752 825 2836; x_wconf 86' lang='lat' dir='ltr'>corperis</span> <span class='ocrx_word' id='word_1_147' title='bbox 849 2751 960 2816; x_wconf 83' lang='lat' dir='ltr'>Aetna</span> <span class='ocrx_word' id='word_1_148' title='bbox 982 2756 1042 2815; x_wconf 90' lang='lat' dir='ltr'>est.</span> 
     </span>
     <span class='ocr_line' id='line_1_24' title="bbox 254 2851 1145 2939; baseline 0.001 -25"><span class='ocrx_word' id='word_1_149' title='bbox 254 2857 353 2936; x_wconf 85' lang='lat' dir='ltr'>etque</span> <span class='ocrx_word' id='word_1_150' title='bbox 375 2852 460 2918; x_wconf 89' lang='lat' dir='ltr'>hanc</span> <span class='ocrx_word' id='word_1_151' title='bbox 482 2853 653 2918; x_wconf 86' lang='lat' dir='ltr'>materiam</span> <span class='ocrx_word' id='word_1_152' title='bbox 677 2855 808 2939; x_wconf 91' lang='lat' dir='ltr'>penitus</span> <span class='ocrx_word' id='word_1_153' title='bbox 832 2853 1015 2930; x_wconf 88' lang='lat' dir='ltr'>discurrere,</span> <span class='ocrx_word' id='word_1_154' title='bbox 1039 2851 1145 2916; x_wconf 79' lang='lat' dir='ltr'>sentes</span> 
     </span>
     <span class='ocr_line' id='line_1_25' title="bbox 257 2955 1060 3043; baseline 0.004 -24"><span class='ocrx_word' id='word_1_155' title='bbox 257 2955 396 3021; x_wconf 81' lang='lat' dir='ltr'>infectae</span> <span class='ocrx_word' id='word_1_156' title='bbox 419 2966 617 3041; x_wconf 90' lang='lat' dir='ltr'>rumpuntur</span> <span class='ocrx_word' id='word_1_157' title='bbox 640 2981 743 3043; x_wconf 83' lang='lat' dir='ltr'>aquae</span> <span class='ocrx_word' id='word_1_158' title='bbox 766 2959 875 3023; x_wconf 87' lang='lat' dir='ltr'>radice</span> <span class='ocrx_word' id='word_1_159' title='bbox 897 2959 958 3024; x_wconf 89' lang='lat' dir='ltr'>sub</span> <span class='ocrx_word' id='word_1_160' title='bbox 981 2958 1060 3043; x_wconf 85' lang='lat' dir='ltr'>ipsa</span> 
     </span>
     <span class='ocr_line' id='line_1_26' title="bbox 254 3057 1371 3144; baseline 0.001 -24"><span class='ocrx_word' id='word_1_161' title='bbox 254 3079 329 3142; x_wconf 85' lang='lat' dir='ltr'>pars</span> <span class='ocrx_word' id='word_1_162' title='bbox 353 3057 451 3122; x_wconf 86' lang='lat' dir='ltr'>oculis</span> <span class='ocrx_word' id='word_1_163' title='bbox 475 3059 647 3125; x_wconf 84' lang='lat' dir='ltr'>manifesta</span> <span class='ocrx_word' id='word_1_164' title='bbox 670 3059 754 3126; x_wconf 82' lang='lat' dir='ltr'>iacet</span> <span class='ocrx_word' id='word_1_165' title='bbox 777 3082 862 3144; x_wconf 87' lang='lat' dir='ltr'>quae</span> <span class='ocrx_word' id='word_1_166' title='bbox 884 3061 997 3124; x_wconf 85' lang='lat' dir='ltr'>robore</span> <span class='ocrx_word' id='word_1_167' title='bbox 1021 3059 1102 3122; x_wconf 88' lang='lat' dir='ltr'>dura</span> <span class='ocrx_word' id='word_1_168' title='bbox 1125 3065 1175 3120; x_wconf 85' lang='lat' dir='ltr'>est</span> <span class='ocrx_word' id='word_1_169' title='bbox 1312 3067 1371 3136; x_wconf 84' lang='lat'>395</span> 
     </span>
     <span class='ocr_line' id='line_1_27' title="bbox 255 3157 1049 3243; baseline 0.001 -20"><span class='ocrx_word' id='word_1_170' title='bbox 255 3181 292 3223; x_wconf 90' lang='lat' dir='ltr'>ae</span> <span class='ocrx_word' id='word_1_171' title='bbox 315 3157 417 3242; x_wconf 89' lang='lat' dir='ltr'>lapis:</span> <span class='ocrx_word' id='word_1_172' title='bbox 445 3157 480 3223; x_wconf 91' lang='lat' dir='ltr'>in</span> <span class='ocrx_word' id='word_1_173' title='bbox 503 3159 619 3243; x_wconf 86' lang='lat' dir='ltr'>pingui</span> <span class='ocrx_word' id='word_1_174' title='bbox 641 3161 770 3226; x_wconf 83' lang='lat' dir='ltr'>seruent</span> <span class='ocrx_word' id='word_1_175' title='bbox 794 3160 944 3225; x_wconf 88' lang='lat' dir='ltr'>incendia</span> <span class='ocrx_word' id='word_1_176' title='bbox 965 3181 1049 3224; x_wconf 89' lang='lat' dir='ltr'>suco.</span> 
     </span>
     <span class='ocr_line' id='line_1_28' title="bbox 258 3259 1124 3348; baseline 0.002 -25"><span class='ocrx_word' id='word_1_177' title='bbox 258 3260 338 3344; x_wconf 91' lang='lat' dir='ltr'>quin</span> <span class='ocrx_word' id='word_1_178' title='bbox 361 3259 462 3324; x_wconf 85' lang='lat' dir='ltr'>etiam</span> <span class='ocrx_word' id='word_1_179' title='bbox 485 3261 576 3327; x_wconf 90' lang='lat' dir='ltr'>uarie</span> <span class='ocrx_word' id='word_1_180' title='bbox 600 3262 760 3348; x_wconf 85' lang='lat' dir='ltr'>quaedam</span> <span class='ocrx_word' id='word_1_181' title='bbox 784 3263 854 3328; x_wconf 89' lang='lat' dir='ltr'>sine</span> <span class='ocrx_word' id='word_1_182' title='bbox 877 3263 1022 3328; x_wconf 85' lang='lat' dir='ltr'>alumine</span> <span class='ocrx_word' id='word_1_183' title='bbox 1045 3283 1124 3326; x_wconf 81' lang='lat' dir='ltr'>saxa</span> 
     </span>
     <span class='ocr_line' id='line_1_29' title="bbox 255 3364 1069 3449; baseline 0.009 -24"><span class='ocrx_word' id='word_1_184' title='bbox 255 3368 327 3426; x_wconf 89' lang='lat' dir='ltr'>toto</span> <span class='ocrx_word' id='word_1_185' title='bbox 352 3372 463 3428; x_wconf 86' lang='lat' dir='ltr'>monte</span> <span class='ocrx_word' id='word_1_186' title='bbox 486 3364 633 3449; x_wconf 88' lang='lat' dir='ltr'>liquant:</span> <span class='ocrx_word' id='word_1_187' title='bbox 662 3367 725 3432; x_wconf 90' lang='lat' dir='ltr'>illis</span> <span class='ocrx_word' id='word_1_188' title='bbox 748 3368 896 3433; x_wconf 86' lang='lat' dir='ltr'>custodia</span> <span class='ocrx_word' id='word_1_189' title='bbox 918 3368 1069 3432; x_wconf 86' lang='lat' dir='ltr'>flammae</span> 
     </span>
    </p>
   </div>
   <div class='ocr_carea' id='block_1_3' title="bbox 168 3511 1374 3738">
    <p class='ocr_par' dir='ltr' id='par_1_3' title="bbox 168 3511 1374 3738">
     <span class='ocr_line' id='line_1_30' title="bbox 169 3511 1374 3585; baseline 0.016 -25"><span class='ocrx_word' id='word_1_190' title='bbox 169 3511 280 3574; x_wconf 70' lang='lat' dir='ltr'>suist.</span> <span class='ocrx_word' id='word_1_191' title='bbox 313 3515 446 3582; x_wconf 48' lang='lat' dir='ltr'>musea</span> <span class='ocrx_word' id='word_1_192' title='bbox 545 3519 1008 3575; x_wconf 53' lang='lat' dir='ltr'>circumradendae.</span> <span class='ocrx_word' id='word_1_193' title='bbox 1058 3519 1182 3572; x_wconf 67' lang='lat' dir='ltr'>samec.</span> <span class='ocrx_word' id='word_1_194' title='bbox 1220 3517 1374 3585; x_wconf 58' lang='lat' dir='ltr'>smeret·</span> 
     </span>
     <span class='ocr_line' id='line_1_31' title="bbox 168 3591 1374 3662; baseline 0.019 -25"><span class='ocrx_word' id='word_1_195' title='bbox 168 3591 320 3651; x_wconf 82' lang='lat' dir='ltr'>aegestsss.</span> <span class='ocrx_word' id='word_1_196' title='bbox 387 3593 434 3644; x_wconf 95' lang='grc'><strong>371</strong></span> <span class='ocrx_word' id='word_1_197' title='bbox 450 3606 580 3655; x_wconf 71' lang='lat' dir='ltr'>parasse</span> <span class='ocrx_word' id='word_1_198' title='bbox 614 3611 734 3659; x_wconf 54' lang='lat' dir='ltr'>paruos</span> <span class='ocrx_word' id='word_1_199' title='bbox 799 3601 849 3650; x_wconf 80' lang='grc'>373</span> <span class='ocrx_word' id='word_1_200' title='bbox 865 3597 1023 3662; x_wconf 74' lang='lat' dir='ltr'>cperseds&#39;.</span> <span class='ocrx_word' id='word_1_201' title='bbox 1057 3598 1186 3660; x_wconf 74' lang='lat' dir='ltr'>operest.</span> <span class='ocrx_word' id='word_1_202' title='bbox 1219 3593 1374 3662; x_wconf 69' lang='lat' dir='ltr'>⁰P0fi’t‘5&#39;·</span> 
     </span>
     <span class='ocr_line' id='line_1_32' title="bbox 168 3669 1373 3738; baseline 0.017 -22"><span class='ocrx_word' id='word_1_203' title='bbox 168 3669 215 3719; x_wconf 86' lang='grc'>373</span> <span class='ocrx_word' id='word_1_204' title='bbox 239 3682 304 3730; x_wconf 84' lang='lat' dir='ltr'>quse</span> <span class='ocrx_word' id='word_1_205' title='bbox 325 3671 430 3730; x_wconf 81' lang='lat' dir='ltr'>rumpat</span> <span class='ocrx_word' id='word_1_206' title='bbox 451 3669 501 3720; x_wconf 91' lang='lat' dir='ltr'>iter</span> <span class='ocrx_word' id='word_1_207' title='bbox 522 3690 542 3723; x_wconf 76' lang='lat' dir='ltr'>n</span> <span class='ocrx_word' id='word_1_208' title='bbox 560 3673 682 3735; x_wconf 68' lang='lat' dir='ltr'>Scaticer.</span> <span class='ocrx_word' id='word_1_209' title='bbox 730 3677 860 3738; x_wconf 76' lang='lat' dir='ltr'>quaerunt</span> <span class='ocrx_word' id='word_1_210' title='bbox 882 3676 979 3738; x_wconf 82' lang='lat' dir='ltr'>pariter</span> <span class='ocrx_word' id='word_1_211' title='bbox 1000 3693 1027 3727; x_wconf 84' lang='lat' dir='ltr'>c.</span> <span class='ocrx_word' id='word_1_212' title='bbox 1159 3672 1207 3725; x_wconf 85' lang='grc'><strong>374</strong></span> <span class='ocrx_word' id='word_1_213' title='bbox 1233 3672 1300 3738; x_wconf 63' lang='lat' dir='ltr'>Septi</span> <span class='ocrx_word' id='word_1_214' title='bbox 1322 3688 1373 3736; x_wconf 65' lang='lat' dir='ltr'>U·</span> 
     </span>
    </p>
   </div>
   <div class='ocr_carea' id='block_1_4' title="bbox 168 3747 1375 4552">
    <p class='ocr_par' dir='ltr' id='par_1_4' title="bbox 168 3747 1375 4552">
     <span class='ocr_line' id='line_1_33' title="bbox 168 3747 1375 3848; baseline 0 -17"><span class='ocrx_word' id='word_1_215' title='bbox 168 3747 398 3834; x_wconf 66' lang='lat' dir='ltr'>3751uetaiirii&#39;rc.</span> <span class='ocrx_word' id='word_1_216' title='bbox 464 3783 512 3835; x_wconf 86' lang='grc'><strong>376</strong></span> <span class='ocrx_word' id='word_1_217' title='bbox 529 3781 711 3846; x_wconf 81' lang='lat' dir='ltr'>spissoJccob.</span> <span class='ocrx_word' id='word_1_218' title='bbox 745 3783 824 3838; x_wconf 90' lang='lat' dir='ltr'>scisso</span> <span class='ocrx_word' id='word_1_219' title='bbox 841 3805 892 3838; x_wconf 80' lang='lat' dir='ltr'>cc.</span> <span class='ocrx_word' id='word_1_220' title='bbox 960 3789 1008 3840; x_wconf 90' lang='grc'>377</span> <span class='ocrx_word' id='word_1_221' title='bbox 1025 3785 1106 3836; x_wconf 86' lang='lat' dir='ltr'>simili</span> <span class='ocrx_word' id='word_1_222' title='bbox 1116 3786 1228 3848; x_wconf 85' lang='lat' dir='ltr'>strepere</span> <span class='ocrx_word' id='word_1_223' title='bbox 1238 3784 1286 3834; x_wconf 91' lang='lat' dir='ltr'>hos</span> <span class='ocrx_word' id='word_1_224' title='bbox 1298 3797 1375 3833; x_wconf 87' lang='lat' dir='ltr'>cursu</span> 
     </span>
     <span class='ocr_line' id='line_1_34' title="bbox 168 3861 1374 3933; baseline 0.002 -23"><span class='ocrx_word' id='word_1_225' title='bbox 168 3864 223 3910; x_wconf 86' lang='lat' dir='ltr'>Ed.</span> <span class='ocrx_word' id='word_1_226' title='bbox 273 3861 367 3912; x_wconf 85' lang='lat' dir='ltr'>similis</span> <span class='ocrx_word' id='word_1_227' title='bbox 378 3863 606 3914; x_wconf 80' lang='lat' dir='ltr'>teneroscursus.</span> <span class='ocrx_word' id='word_1_228' title='bbox 658 3865 751 3916; x_wconf 86' lang='lat' dir='ltr'>similis</span> <span class='ocrx_word' id='word_1_229' title='bbox 762 3868 866 3918; x_wconf 86' lang='lat' dir='ltr'>teneros</span> <span class='ocrx_word' id='word_1_230' title='bbox 877 3882 923 3917; x_wconf 89' lang='lat' dir='ltr'>cur</span> <span class='ocrx_word' id='word_1_231' title='bbox 933 3882 961 3917; x_wconf 90' lang='lat' dir='ltr'>se</span> <span class='ocrx_word' id='word_1_232' title='bbox 976 3866 1024 3933; x_wconf 83' lang='grc' dir='ltr'>γ8.</span> <span class='ocrx_word' id='word_1_233' title='bbox 1073 3865 1133 3916; x_wconf 81' lang='lat' dir='ltr'>sitis</span> <span class='ocrx_word' id='word_1_234' title='bbox 1144 3869 1247 3917; x_wconf 86' lang='lat' dir='ltr'>teneros</span> <span class='ocrx_word' id='word_1_235' title='bbox 1259 3878 1305 3913; x_wconf 88' lang='lat' dir='ltr'>eur</span> <span class='ocrx_word' id='word_1_236' title='bbox 1316 3877 1343 3913; x_wconf 88' lang='lat' dir='ltr'>se</span> <span class='ocrx_word' id='word_1_237' title='bbox 1354 3879 1374 3913; x_wconf 73' lang='lat' dir='ltr'>e.</span> 
     </span>
     <span class='ocr_line' id='line_1_35' title="bbox 169 3937 1374 4008; baseline 0.002 -21"><span class='ocrx_word' id='word_1_238' title='bbox 169 3941 217 3991; x_wconf 85' lang='grc'><strong>378</strong></span> <span class='ocrx_word' id='word_1_239' title='bbox 233 3937 348 3990; x_wconf 88' lang='lat' dir='ltr'>desidere</span> <span class='ocrx_word' id='word_1_240' title='bbox 367 3939 453 3990; x_wconf 86' lang='lat' dir='ltr'>uentis</span> <span class='ocrx_word' id='word_1_241' title='bbox 472 3942 560 3991; x_wconf 78' lang='lat' dir='ltr'>Jacob.</span> <span class='ocrx_word' id='word_1_242' title='bbox 611 3941 740 3992; x_wconf 85' lang='lat' dir='ltr'>discedere</span> <span class='ocrx_word' id='word_1_243' title='bbox 757 3946 850 3993; x_wconf 86' lang='lat' dir='ltr'>uentos</span> <span class='ocrx_word' id='word_1_244' title='bbox 864 3945 1014 4008; x_wconf 75' lang='lat' dir='ltr'>Wemdors.</span> <span class='ocrx_word' id='word_1_245' title='bbox 1063 3941 1192 3993; x_wconf 84' lang='lat' dir='ltr'>discedere</span> <span class='ocrx_word' id='word_1_246' title='bbox 1203 3943 1305 3990; x_wconf 86' lang='lat' dir='ltr'>mentes</span> <span class='ocrx_word' id='word_1_247' title='bbox 1322 3958 1374 3990; x_wconf 73' lang='lat' dir='ltr'>so.</span> 
     </span>
     <span class='ocr_line' id='line_1_36' title="bbox 169 4017 1373 4085; baseline 0.002 -19"><span class='ocrx_word' id='word_1_248' title='bbox 169 4017 218 4068; x_wconf 83' lang='grc'>373</span> <span class='ocrx_word' id='word_1_249' title='bbox 234 4017 380 4067; x_wconf 85' lang='lat' dir='ltr'>conticuere</span> <span class='ocrx_word' id='word_1_250' title='bbox 400 4035 469 4084; x_wconf 72' lang='grc' dir='ltr'>ιγι.</span> <span class='ocrx_word' id='word_1_251' title='bbox 519 4021 641 4068; x_wconf 86' lang='lat' dir='ltr'>contuere</span> <span class='ocrx_word' id='word_1_252' title='bbox 664 4019 687 4070; x_wconf 79' lang='grc' dir='ltr'>Β.</span> <span class='ocrx_word' id='word_1_253' title='bbox 818 4021 867 4070; x_wconf 80' lang='grc'>334</span> <span class='ocrx_word' id='word_1_254' title='bbox 884 4024 967 4071; x_wconf 82' lang='lat' dir='ltr'>cessat</span> <span class='ocrx_word' id='word_1_255' title='bbox 984 4021 1073 4070; x_wconf 79' lang='lat' dir='ltr'>adiurs</span> <span class='ocrx_word' id='word_1_256' title='bbox 1092 4019 1233 4085; x_wconf 78' lang='lat' dir='ltr'>(oraturo)</span> <span class='ocrx_word' id='word_1_257' title='bbox 1249 4018 1373 4068; x_wconf 74' lang='lat' dir='ltr'>teruntc.</span> 
     </span>
     <span class='ocr_line' id='line_1_37' title="bbox 169 4094 1372 4160; baseline 0.001 -17"><span class='ocrx_word' id='word_1_258' title='bbox 169 4095 217 4144; x_wconf 79' lang='grc'>335</span> <span class='ocrx_word' id='word_1_259' title='bbox 232 4094 317 4156; x_wconf 72' lang='lat' dir='ltr'>rigent</span> <span class='ocrx_word' id='word_1_260' title='bbox 328 4097 384 4143; x_wconf 86' lang='lat' dir='ltr'>Ed.</span> <span class='ocrx_word' id='word_1_261' title='bbox 417 4097 544 4158; x_wconf 75' lang='lat' dir='ltr'>regente.</span> <span class='ocrx_word' id='word_1_262' title='bbox 628 4098 677 4147; x_wconf 86' lang='grc'><strong>386</strong></span> <span class='ocrx_word' id='word_1_263' title='bbox 692 4096 871 4158; x_wconf 65' lang='lat' dir='ltr'>flsmmistf.</span> <span class='ocrx_word' id='word_1_264' title='bbox 904 4099 1024 4148; x_wconf 80' lang='lat' dir='ltr'>flammea</span> <span class='ocrx_word' id='word_1_265' title='bbox 1036 4116 1088 4149; x_wconf 73' lang='lat' dir='ltr'>co.</span> <span class='ocrx_word' id='word_1_266' title='bbox 1121 4095 1372 4160; x_wconf 54' lang='lat' dir='ltr'>accendamur)</span> 
     </span>
     <span class='ocr_line' id='line_1_38' title="bbox 169 4170 1374 4240; baseline -0.004 -18"><span class='ocrx_word' id='word_1_267' title='bbox 169 4173 224 4222; x_wconf 85' lang='lat' dir='ltr'>Ed.</span> <span class='ocrx_word' id='word_1_268' title='bbox 263 4174 419 4224; x_wconf 72' lang='lat' dir='ltr'>uocantes.</span> <span class='ocrx_word' id='word_1_269' title='bbox 460 4174 686 4235; x_wconf 69' lang='lat' dir='ltr'>necentdccttyer.</span> <span class='ocrx_word' id='word_1_270' title='bbox 729 4173 872 4240; x_wconf 61' lang='lat' dir='ltr'>qucdyet,</span> <span class='ocrx_word' id='word_1_271' title='bbox 910 4174 1043 4236; x_wconf 75' lang='lat' dir='ltr'>quidcs‘.</span> <span class='ocrx_word' id='word_1_272' title='bbox 1076 4173 1135 4236; x_wconf 84' lang='lat' dir='ltr'>quit</span> <span class='ocrx_word' id='word_1_273' title='bbox 1145 4172 1169 4224; x_wconf 76' lang='grc'>8.</span> <span class='ocrx_word' id='word_1_274' title='bbox 1208 4170 1374 4221; x_wconf 75' lang='lat' dir='ltr'>nutrietur.</span> 
     </span>
     <span class='ocr_line' id='line_1_39' title="bbox 168 4253 1373 4320; baseline 0.002 -17"><span class='ocrx_word' id='word_1_275' title='bbox 168 4254 332 4304; x_wconf 73' lang='lat' dir='ltr'>nutristse.</span> <span class='ocrx_word' id='word_1_276' title='bbox 368 4253 499 4306; x_wconf 71' lang='lat' dir='ltr'>aethneis..</span> <span class='ocrx_word' id='word_1_277' title='bbox 596 4257 644 4306; x_wconf 82' lang='grc'><strong>388</strong></span> <span class='ocrx_word' id='word_1_278' title='bbox 660 4257 795 4306; x_wconf 78' lang='lat' dir='ltr'>terreeest</span> <span class='ocrx_word' id='word_1_279' title='bbox 808 4255 957 4320; x_wconf 62' lang='lat' dir='ltr'>Wemsdorfl</span> <span class='ocrx_word' id='word_1_280' title='bbox 991 4257 1089 4306; x_wconf 84' lang='lat' dir='ltr'>terrent</span> <span class='ocrx_word' id='word_1_281' title='bbox 1105 4273 1159 4306; x_wconf 74' lang='lat' dir='ltr'>ce.</span> <span class='ocrx_word' id='word_1_282' title='bbox 1252 4253 1301 4302; x_wconf 80' lang='grc'><strong>390</strong></span> <span class='ocrx_word' id='word_1_283' title='bbox 1317 4265 1373 4312; x_wconf 67' lang='lat' dir='ltr'>pro·</span> 
     </span>
     <span class='ocr_line' id='line_1_40' title="bbox 169 4327 1373 4393; baseline -0.003 -12"><span class='ocrx_word' id='word_1_284' title='bbox 169 4332 246 4381; x_wconf 90' lang='lat' dir='ltr'>betur</span> <span class='ocrx_word' id='word_1_285' title='bbox 263 4348 288 4382; x_wconf 69' lang='lat' dir='ltr'>n</span> <span class='ocrx_word' id='word_1_286' title='bbox 338 4331 452 4380; x_wconf 76' lang='lat' dir='ltr'>alumine</span> <span class='ocrx_word' id='word_1_287' title='bbox 468 4333 556 4381; x_wconf 82' lang='lat' dir='ltr'>Jacob.</span> <span class='ocrx_word' id='word_1_288' title='bbox 605 4333 713 4382; x_wconf 86' lang='lat' dir='ltr'>numine</span> <span class='ocrx_word' id='word_1_289' title='bbox 732 4331 782 4383; x_wconf 75' lang='grc' dir='ltr'>αδ.</span> <span class='ocrx_word' id='word_1_290' title='bbox 831 4333 932 4382; x_wconf 87' lang='lat' dir='ltr'>uimine</span> <span class='ocrx_word' id='word_1_291' title='bbox 948 4332 1004 4393; x_wconf 71' lang='lat'>15.</span> <span class='ocrx_word' id='word_1_292' title='bbox 1167 4331 1215 4381; x_wconf 77' lang='grc'><strong>393</strong></span> <span class='ocrx_word' id='word_1_293' title='bbox 1232 4327 1328 4378; x_wconf 75' lang='lat' dir='ltr'>semna</span> <span class='ocrx_word' id='word_1_294' title='bbox 1346 4346 1373 4379; x_wconf 79' lang='lat' dir='ltr'>s.</span> 
     </span>
     <span class='ocr_line' id='line_1_41' title="bbox 169 4405 1372 4472; baseline -0.002 -13"><span class='ocrx_word' id='word_1_295' title='bbox 169 4408 218 4459; x_wconf 81' lang='grc'>334</span> <span class='ocrx_word' id='word_1_296' title='bbox 234 4409 391 4470; x_wconf 85' lang='lat' dir='ltr'>rumpuntur</span> <span class='ocrx_word' id='word_1_297' title='bbox 401 4421 481 4468; x_wconf 84' lang='lat' dir='ltr'>aquae</span> <span class='ocrx_word' id='word_1_298' title='bbox 491 4409 547 4456; x_wconf 84' lang='lat' dir='ltr'>Ed.</span> <span class='ocrx_word' id='word_1_299' title='bbox 581 4407 790 4471; x_wconf 78' lang='lat' dir='ltr'>eripianturstq3</span> <span class='ocrx_word' id='word_1_300' title='bbox 808 4425 835 4459; x_wconf 79' lang='lat' dir='ltr'>s.</span> <span class='ocrx_word' id='word_1_301' title='bbox 867 4408 1012 4472; x_wconf 76' lang='lat' dir='ltr'>eripientur</span> <span class='ocrx_word' id='word_1_302' title='bbox 1028 4408 1128 4471; x_wconf 64' lang='lat' dir='ltr'>eques.</span> <span class='ocrx_word' id='word_1_303' title='bbox 1210 4408 1259 4457; x_wconf 88' lang='grc'><strong>396</strong></span> <span class='ocrx_word' id='word_1_304' title='bbox 1275 4405 1304 4454; x_wconf 91' lang='lat' dir='ltr'>in</span> <span class='ocrx_word' id='word_1_305' title='bbox 1320 4422 1372 4457; x_wconf 72' lang='lat' dir='ltr'>cc.</span> 
     </span>
     <span class='ocr_line' id='line_1_42' title="bbox 171 4483 1372 4552; baseline 0 -16"><span class='ocrx_word' id='word_1_306' title='bbox 171 4487 297 4536; x_wconf 64' lang='lat' dir='ltr'>stratos.</span> <span class='ocrx_word' id='word_1_307' title='bbox 429 4485 477 4536; x_wconf 83' lang='grc'>337</span> <span class='ocrx_word' id='word_1_308' title='bbox 495 4485 608 4536; x_wconf 77' lang='lat' dir='ltr'>alumine</span> <span class='ocrx_word' id='word_1_309' title='bbox 619 4488 673 4536; x_wconf 79' lang='lat' dir='ltr'>Ed.</span> <span class='ocrx_word' id='word_1_310' title='bbox 739 4486 848 4536; x_wconf 87' lang='lat' dir='ltr'>numine</span> <span class='ocrx_word' id='word_1_311' title='bbox 863 4486 911 4537; x_wconf 73' lang='grc' dir='ltr'>αδ.</span> <span class='ocrx_word' id='word_1_312' title='bbox 976 4487 1134 4552; x_wconf 50' lang='lat' dir='ltr'>nominare.</span> <span class='ocrx_word' id='word_1_313' title='bbox 1202 4483 1301 4536; x_wconf 81' lang='lat' dir='ltr'>uimine</span> <span class='ocrx_word' id='word_1_314' title='bbox 1318 4484 1372 4544; x_wconf 74' lang='lat' dir='ltr'>ts.</span> 
     </span>
    </p>
   </div>
   <div class='ocr_carea' id='block_1_5' title="bbox 0 0 1664 5167">
    <p class='ocr_par' dir='ltr' id='par_1_5' title="bbox 0 0 1664 5167">
     <span class='ocr_line' id='line_1_43' title="bbox 0 0 1664 5167; baseline 0 0"><span class='ocrx_word' id='word_1_315' title='bbox 0 0 1664 5167; x_wconf 95' lang='lat' dir='ltr'> </span> 
     </span>
    </p>
   </div>
  </div>
 </body>
</html>
