3309 5167
839 462 986 526 4².

251 602 304 681 τὴν
316 602 371 686 γὰρ
383 607 433 665 τοῦ
445 602 575 670 Λόδωνος
588 604 707 684 Διίφνην
725 609 783 668 έκεῖ
797 609 957 684 μεταφῦναι
971 605 1091 688 λέγουσι
1106 604 1158 665 καὶ·
1166 602 1294 682 ποταμός
1306 601 1400 668 adroic
1411 605 1457 682 ῥεῖ

252 694 351 756 Λάδων
365 696 411 758 καὶ
424 696 514 776 φυτῦν
527 702 642 777 τιμᾶται
654 701 719 777 παρ’
739 698 834 764 αύτοῖς
846 699 962 776 δάφνης,
977 703 1060 760 τοῦτο
1077 698 1108 758 δὲ
1120 697 1154 759 τδ
1167 696 1230 758 ἀντὶ
1242 700 1295 774 τῆς
1307 697 1454 774 παρθένου.

253 790 425 867 κυπαρίττων
436 816 468 851 τε
481 790 538 870 ὕψη
551 791 684 872 ἀμήχανα
697 793 863 871 περιέστηκε
876 795 969 872 κύκλω
982 791 1015 853 τό
1029 792 1103 870 ἱερόν
1116 790 1163 851 καὶ
1176 789 1268 872 πηγὰς
1282 789 1424 850 ἐκδίδωσιν
1439 787 1456 851 d

251 885 342 964 χιῦρος
355 883 496 963 ἀφθόνους
509 911 540 946 τε
554 886 600 945 καὶ
613 884 841 964 ἠρεμούσαςαῖς
857 886 906 946 τόν
919 883 1055 946 Ἀπόλλω
1072 885 1148 962 φασὶ
1159 884 1314 963 ῥαίνεσθαι
1337 882 1457 945 ἐνταῦθα

252 978 419 1054 κυπαρίττου
432 1003 460 1038 τι
474 978 550 1056 ἔρνος
562 977 582 1056 η’
595 981 634 1060 γῆ
654 977 822 1040 όναδέδωκεν
841 979 887 1040 ἐπὶ
907 980 1076 1058 Κυπαρίττιρ
1095 979 1186 1054 φασὶν
1199 976 1302 1057 ε’φῆβηι
1313 975 1458 1056 Ἀσσυρίῳ

253 1070 299 1130 καὶ
312 1073 462 1132 πιστοῦται
476 1071 529 1148 τήν
544 1071 748 1149 μεταβολήνῆ
771 1071 829 1150 ὥρα
848 1077 899 1133 τοῦ
918 1075 1016 1149 φυτοῦ.
1058 1074 1141 1130 Thus
1157 1072 1276 1148 Apollo,
1300 1071 1377 1140 ‘Qui
1395 1091 1462 1130 roro

253 1184 328 1244 puro
343 1165 488 1224 Castaliae
503 1166 579 1224 lavit
596 1165 701 1224 Orines
718 1167 853 1237 solutos’,
867 1168 893 1225 is
911 1168 998 1226 made
1018 1174 1049 1226 to
1067 1165 1160 1224 bathe
1177 1165 1262 1223 them
1279 1165 1314 1222 in
1327 1164 1380 1222 the
1393 1163 1461 1221 Oas-

252 1259 326 1316 talia
339 1260 373 1316 of
383 1259 512 1336 Daphne
519 1280 528 1333 ;
553 1259 599 1318 for
612 1259 645 1317 in
659 1279 677 1316 a
691 1279 818 1336 passage,
835 1261 870 1318 of
877 1260 976 1318 which
992 1260 1009 1317 I
1025 1260 1088 1318 will
1101 1259 1253 1336 presently
1267 1263 1357 1334 quote
1370 1275 1460 1327 mora,

253 1353 395 1412 Sozomeu
408 1372 474 1429 says
489 1353 649 1412 ἐπιστεύετο
662 1350 727 1411 δὲ...
732 1353 790 1428 ῥεῖν
807 1351 905 1414 αύτόθι
923 1352 970 1412 καὶ
987 1351 1059 1430 ὕδωρ
1075 1349 1209 1429 μαντικὸν
1224 1348 1281 1410 dmi
1295 1348 1463 1412 Κασταλίας

252 1447 303 1520 τῆς
321 1447 423 1524 πηγῆς,
439 1442 540 1521 ὁμοίως
559 1447 611 1520 τῆς
630 1448 659 1504 έν
679 1449 807 1522 Δελφοῖς
820 1446 958 1528 ἐνεργείας
977 1471 1009 1507 τε
1029 1446 1076 1512 καὶ
1095 1443 1291 1525 προσηγορίας
1306 1444 1460 1521 λαχούσης.

252 1541 327 1598 And
340 1541 393 1600 the
411 1545 494 1616 story
509 1540 543 1597 of
557 1539 733 1616 Cyparissus
746 1559 807 1597 was
825 1541 1033 1617 transplanted
1052 1541 1086 1598 in
1104 1540 1158 1598 the
1175 1558 1255 1597 sama
1270 1558 1335 1614 way
1348 1558 1382 1595 as
1394 1537 1463 1596 that

252 1634 287 1690 of
303 1632 447 1710 Daphne;
473 1633 526 1691 the
548 1651 697 1709 cypressos
717 1633 784 1691 that
803 1634 983 1710 symbolised
1000 1633 1066 1691 him
1086 1633 1176 1708 being
1196 1651 1228 1690 so
1248 1631 1331 1708 large
1348 1631 1409 1688 and
1429 1651 1462 1688 so

251 1726 366 1784 famous
379 1726 447 1784 that
461 1726 513 1784 the
526 1727 598 1784 oode
611 1726 645 1784 of
653 1726 675 1784 J
676 1725 809 1784 ustinian
823 1746 898 1783 even
912 1725 1051 1803 speeinlly
1065 1731 1166 1784 enaots
1179 1724 1252 1801 they
1266 1723 1343 1782 shall
1357 1730 1411 1782 not
1424 1725 1462 1783 be

252 1826 303 1878 out
312 1819 399 1878 down
413 1839 447 1877 or
460 1820 531 1878 sold
575 1819 724 1892 Soaomen,
730 1818 799 1877 hist.
806 1820 932 1878 eoelesv
945 1820 990 1893 19,
1005 1820 1084 1878 after
1100 1817 1267 1894 describing
1280 1817 1333 1874 the
1346 1816 1462 1875 charms

252 1914 286 1976 of
303 1911 440 1989 Daphne,
462 1912 544 1971 these
564 1931 713 1988 cypressos
733 1912 793 1969 and
817 1913 898 1970 their
921 1913 1044 1971 rooflike
1065 1911 1166 1978 shade,
1186 1910 1239 1969 the
1262 1910 1386 1983 fiowers,
1409 1909 1461 1969 the

251 2012 367 2084 ναίους,
381 2025 449 2084 goes
469 2025 508 2066 on
526 2011 557 2064 to
574 2025 626 2082 say
640 2003 757 2064 ἐνταῦθα
776 2003 806 2062 δὲ
825 2003 921 2068 παῖδες
933 2003 1080 2080 Ἑλλήνων
1099 2003 1253 2079 μυθεύουσι
1272 2000 1392 2078 Δόφνην
1409 2000 1461 2078 τὴν

252 2096 381 2174 Δόδωνος
398 2102 448 2160 τοῦ
465 2100 602 2174 ποταμοῦ,
619 2096 650 2167 ἐξ
667 2095 817 2174 Ἀρκαδίας
837 2096 1000 2178 φεύγουσαν
1019 2095 1189 2157 Ἀπόλλωνα
1205 2093 1257 2155 τόν
1274 2095 1405 2173 ἐραστήν,
1423 2098 1462 2160 εἶς

251 2189 398 2269 ὁμόνομον
420 2190 510 2267 φυτδν
534 2189 621 2267 αύιήν
643 2191 827 2266 μεταβαλεῖν·
859 2189 909 2252 τόν
930 2188 961 2249 δὲ
983 2190 1055 2267 μηδὲ
1079 2188 1164 2253 οῦτως
1186 2187 1390 2270 ἀπαλλαγέντα
1410 2192 1461 2250 τοῦ

251 2283 357 2350 πόθους
374 2285 591 2361 στεφανωθῆναι
607 2287 666 2348 τοῖς
686 2283 799 2346 κλάδοις
811 2287 862 2360 τῆς
880 2283 1017 2361 ἐρωμένης
1032 2284 1079 2344 καὶ
1097 2282 1208 2360 δένδρον
1229 2282 1318 2344 οῦσαν
1331 2283 1462 2360 πεμπό-

251 2378 355 2449 ξασθαι
369 2381 415 2440 καὶ
428 2383 464 2459 τῇ
477 2379 631 2458 προσεδρίᾳ
642 2378 678 2439 τοὶ
691 2378 818 2456 μάλιστα
834 2382 954 2456 τιμῆσαι
966 2377 1000 2440 τό
1012 2380 1122 2458 χωρίον,
1132 2379 1209 2456 εἶτερ
1218 2405 1248 2440 τι
1259 2377 1336 2440 ἄλλο
1350 2405 1461 2460 κεχαρι·

251 2473 357 2550 σμένον
370 2475 449 2552 adrui
493 2473 685 2550 Chrysostom
695 2473 728 2530 in
741 2473 788 2531 his
802 2472 916 2550 homily
930 2493 969 2531 ou
984 2473 1029 2531 St.
1043 2473 1173 2550 Babylas
1186 2473 1348 2532 discourses
1361 2475 1394 2531 in
1407 2476 1460 2534 the

251 2587 331 2624 same
352 2568 454 2639 strala,
470 2568 527 2632 vol.
539 2568 657 2626 1155613
670 2565 721 2642 τὴν
740 2565 861 2642 Δάφνην
879 2566 967 2644 κόρην.
981 2564 1069 2627 οῦσιίν
1089 2572 1164 2642 φησι
1184 2565 1230 2626 καὶ
1250 2566 1390 2647 θυγατέρα
1408 2572 1460 2629 τοῦ

251 2656 380 2722 Λόδωνος
400 2656 671 2736 ποταμοῦ...ταύτην
700 2655 748 2718 οῦν
775 2656 827 2734 τήν
856 2657 944 2735 κόρην
963 2657 1106 2737 εῦμορφον
1125 2658 1215 2720 οὖσαν
1235 2659 1302 2720 ἰδεῖν
1321 2662 1392 2720 ποτὲ
1410 2662 1460 2723 τόν

250 2749 385 2824 Ἀπόλλω
398 2751 475 2828 φασί
481 2773 487 2809 :
509 2752 569 2810 and
579 2752 650 2810 then
662 2752 715 2812 the
723 2759 805 2829 story
815 2753 850 2810 of
859 2753 912 2812 the
921 2753 1007 2813 ohnse
1015 2755 1076 2812 and
1086 2755 1346 2832 metamorphosis:
1366 2753 1416 2815 τόν
1429 2755 1459 2816 δὲ

250 2841 410 2905 όκόλαστον
429 2843 550 2922 έραστην
566 2842 743 2923 όποτυχόντα
760 2848 815 2906 τιῦν
828 2844 963 2905 παιδικόν
980 2847 1188 2923 περιπλακῆναί
1198 2871 1230 2906 τε
1245 2849 1284 2924 τῷ
1297 2845 1398 2926 δένδρῳ
1413 2849 1460 2910 καὶ

251 2937 450 3000 οἰκειώσασθαι
463 2938 509 2998 καὶ
521 2937 555 2998 τὰ
568 2937 658 3014 φυτόν
666 2938 712 2998 καὶ
719 2937 767 2998 τῦν
780 2937 877 3014 τόπον,
890 2941 937 2999 καὶ
944 2939 1139 3018 προσεδρεύειν
1147 2943 1186 3019 τῷ
1195 2941 1286 3020 χωρίῳ
1293 2941 1396 3001 Madv
1411 2942 1458 3002 καὶ
1560 3006 1564 3013 ,

250 3033 334 3092 τοῦτο
346 3032 441 3109 πόσης
460 3035 576 3113 τῆςγὴς
589 3030 716 3109 μάλιστα
729 3031 910 3104 α’σπόζεσθαι
924 3034 970 3093 καὶ
983 3036 1089 3111 φιλεῖν·
1118 3034 1254 3094 κελεῦσαί
1264 3059 1296 3093 τε
1307 3033 1358 3094 τόν
1369 3035 1458 3110 βασι·
1549 3070 1552 3076 ·

250 3125 369 3188 λιύοντα
384 3127 449 3188 τότε
462 3126 530 3189 reda
545 3125 618 3204 αύτῷ
634 3125 783 3204 δείμασθαι
800 3126 845 3205 καὶ
859 3127 965 3204 βωμόν.
996 3129 1125 3195 Nomius
1141 3123 1296 3202 therefore,
1312 3145 1377 3186 xm
1388 3130 1455 3203 387,

249 3241 319 3298 may
341 3222 407 3280 well
428 3241 480 3299 say
501 3219 560 3280 Kal
587 3217 711 3300 θυγύτηρ
733 3219 863 3284 Λάδωνος
889 3219 1051 3299 όειδομένου
1072 3224 1222 3298 ποταμοῖο,
1243 3219 1337 3303 Ἐργα
1362 3220 1460 3301 γάμων

250 3314 419 3396 στνγέουσα,
428 3313 513 3392 δέμας
522 3312 696 3391 δενδρύσατο
705 3312 816 3391 νύμφης
838 3333 942 3374 mm
953 3317 1011 3374 210
1020 3314 1110 3375 Εἶπεν
1118 3314 1307 3391 όνυμφεύτοιο
1314 3314 1459 3392 ποδήνεμα

248 3407 371 3488 γούνατα
384 3407 502 3485 νύμφης,
512 3411 579 3470 Πῦς
586 3409 654 3467 ποτὲ
663 3408 773 3484 Φοῖβον
786 3407 894 3488 ἔφευγε,
906 3407 1021 3486 Βορηιδι
1029 3407 1185 3485 σύνδρομος
1193 3407 1272 3487 αύρη,
1288 3413 1357 3472 Πῦς
1368 3407 1460 3486 διερῦν

249 3501 327 3578 παρὰ
345 3505 438 3580 χεῦμα
456 3500 646 3576 πιταινομένου
667 3498 805 3576 ποταμοῖο
825 3500 984 3576 Παρθένιον
1004 3500 1080 3562 πόδα
1100 3501 1173 3578 πῆξε
1192 3500 1258 3578 παρ’
1280 3503 1459 3580 εύρυρέεθρον

248 3589 391 3670 Ὀρόντην,
399 3593 531 3652 ’Ὄπποτε
543 3594 611 3671 γαΐα
621 3595 748 3669 χανοῦσα
758 3590 823 3668 παρ’
834 3589 948 3668 εύύδρου
961 3592 1057 3669 στόμα
1066 3593 1168 3670 λίμνης
1181 3593 1277 3652 Παῖδα
1290 3593 1460 3670 διωκομένην

249 3684 402 3760 οἶκτίρμονι
420 3682 517 3753 δέξατο
531 3682 633 3767 κόλπῳ.
678 3684 825 3742 Scholiast
843 3690 875 3741 to
891 3685 1068 3762 Lycophron
1091 3686 1108 3743 6
1129 3684 1229 3772 Addam
1247 3682 1263 3744 d
1282 3689 1313 3745 έν
1324 3684 1468 3767 Ἀρκαδία.

248 3773 373 3850 ποταμός
385 3778 421 3853 τῇ
434 3778 472 3855 γῇ
486 3771 689 3856 συγγενόμενος
700 3773 831 3855 έγέινησε
844 3774 931 3836 παῖδα
944 3774 1060 3852 ὀνόματι
1070 3775 1191 3853 Δάφνην
1204 3801 1228 3836 κ.
1235 3779 1292 3836 ah.
1328 3778 1368 3836 So
1379 3798 1460 3838 oom-

247 3868 359 3946 pletely
364 3888 433 3928 now
440 3869 499 3928 had
509 3869 562 3927 the
571 3868 717 3946 daughter
727 3870 761 3928 of
766 3869 872 3928 Ladon
882 3871 1060 3947 supplanted
1070 3872 1123 3929 the
1133 3870 1280 3948 daughter
1288 3871 1323 3928 ol
1330 3871 1456 3947 Peneus,

248 3961 315 4020 that
326 3962 496 4035 Pausanias
505 3961 548 4024 xl
562 3963 589 4034 8,
599 3982 655 4022 can
664 3981 715 4040 say
725 3961 833 4038 δάφνης
842 3961 873 4022 δὲ
882 3963 1023 4038 στέφανος
1033 3962 1080 4022 ἐπὶ
1089 3968 1145 4024 τῦν
1155 3962 1269 4024 Πυθίων
1278 3967 1316 4042 τῇ
1324 3963 1388 4044 νίκη
1396 3965 1459 4026 κατ’

247 4051 322 4114 ἄλλο
343 4054 396 4129 μὲν
417 4053 480 4130 ε’μοὶ
499 4053 590 4115 δοκεῖν
609 4053 686 4114 ἐστὶν
705 4053 792 4130 οὐδέν,
807 4054 852 4115 ὅτι
867 4054 898 4114 δὲ
914 4058 965 4132 τῆς
985 4054 1116 4120 Λάδωνος
1135 4055 1273 4138 θυγατρός
1286 4055 1457 4120 Ἀπόλλωνα

247 4147 401 4230 ἐρασθῆναι
415 4141 587 4226 κατέσχηκεν
600 4146 619 4223 ἡ
633 4146 722 4224 φήμη.
766 4149 799 4208 N
800 4169 834 4207 or
846 4170 908 4209 was
920 4151 973 4209 she
985 4151 1043 4209 less
1052 4152 1164 4210 known
1174 4157 1207 4210 to
1220 4151 1312 4209 Latin
1323 4152 1455 4212 writers:

248 4241 612 4318 ServiusVlrg.eol.11163
636 4242 767 4302 ‘Scimus
786 4249 817 4302 et
836 4243 985 4321 Daphnen
1008 4245 1138 4304 Ladonis
1153 4245 1287 4304 fluminis
1307 4246 1456 4306 Arcadiae

246 4338 338 4411 filiam
353 4335 492 4394 dilectam
505 4336 543 4394 ab
556 4335 699 4412 Apolline
714 4342 745 4394 et
759 4336 868 4396 Terrae
884 4338 1120 4398 miserationem
1134 4339 1253 4397 laurum
1266 4358 1455 4401 conversam:

246 4430 403 4490 id.Aen.11
412 4429 472 4487 513
488 4429 632 4506 ‘Daphne
647 4429 709 4488 filia
724 4429 855 4488 Ladonis
872 4430 960 4489 fluuii
973 4432 1121 4492 Aroadiae
1138 4438 1170 4490 et
1183 4432 1292 4491 Terrae
1304 4433 1365 4490 fuit
1382 4438 1454 4494 oet:

246 4525 316 4583 ibid
329 4523 388 4583 680
401 4523 439 4582 he
452 4523 521 4582 tells
533 4523 586 4582 the
600 4528 682 4600 story
696 4523 730 4581 of
741 4522 922 4602 Cyparissus,
938 4526 1004 4584 how
1019 4525 1140 4586 ‘reliota
1153 4525 1243 4585 (irata
1255 4525 1295 4584 ad
1308 4525 1453 4585 Orontem
