3309 5167
849 479 890 533 22

284 632 286 672 :
354 656 491 711 cernere,
517 655 599 719 quae
623 633 744 710 fratres,
770 631 824 696 ille
849 630 986 716 impiger
1005 619 1065 696 'ille
1089 654 1231 708 canorus,

353 839 498 914 condere,
521 837 694 921 felicesque
718 837 823 900 alieno
847 836 1044 900 intersumus
1068 858 1160 901 aeuo.

354 941 495 1004 inuitato
517 939 583 1024 piei
606 961 692 1003 nunc
717 939 859 1003 carmine
886 960 964 1003 saxa
986 940 1127 1025 lyraque,

354 1067 449 1122 nuuc,
474 1044 604 1130 gemina
627 1065 669 1107 ex
694 1065 767 1120 uno,
789 1042 952 1107 fumantia
973 1065 1063 1107 sacra
1087 1065 1207 1128 uapore

354 1149 510 1213 miramur
534 1154 723 1233 septemque
748 1147 846 1212 duces
872 1155 1068 1231 raptumque
1093 1149 1257 1232 profunde

354 1250 479 1316 detinet
505 1251 644 1315 Eurotas
668 1250 733 1314 illic
758 1257 792 1314 et
819 1249 938 1334 Sparta
961 1250 1108 1335 Lycurgi,

355 1361 389 1418 et
413 1375 502 1418 sacer
524 1344 559 1417 in
582 1353 705 1417 bellum
729 1373 892 1428 numerus,
918 1357 978 1414 su'a
1000 1352 1098 1416 turba
1124 1355 1259 1437 regenti.

355 1479 441 1521 nunc
467 1455 520 1521 hic
547 1456 719 1540 Cecropiae
745 1455 844 1519 uariis
868 1463 1058 1540 spectantur
1081 1456 1233 1520 Athenae

354 1560 548 1624 carminibus
573 1548 789 1645 gaudentque
806 1559 865 1623 soli
888 1559 1021 1623 uictrice
1046 1559 1205 1623 Minerua.
1285 1604 1288 1609 -

283 1660 285 1666 ’
355 1664 475 1728 excidit
500 1647 553 1727 hic
577 1663 687 1727 reduci
712 1663 875 1748 quondam
901 1663 971 1740 tibi,
995 1663 1119 1748 perfide
1145 1663 1280 1742 Theseu,

355 1764 493 1829 candida
515 1765 651 1830 sollicito
680 1765 889 1850 praemittere
914 1765 988 1830 uela
1013 1765 1148 1850 parenti.

354 1877 392 1933 tu
416 1891 544 1953 quoque
569 1869 775 1933 Athenarum
799 1891 948 1934 carmen:
976 1878 1043 1934 tam
1070 1869 1178 1933 nobile
1201 1870 1298 1946 sidus,
1415 1874 1472 1950 585

355 1971 502 2056 Erigone,
531 1973 622 2037 sedes
647 1981 758 2037 uestra
783 1982 852 2038 est:
876 1974 1057 2038 Philomela
1081 1973 1205 2036 canoris

355 2098 397 2139 en
422 2084 517 2141 uocat
543 2076 701 2157 in'siluis,
726 2085 759 2142 et
781 2086 828 2154 tu,
851 2100 939 2142 soror
960 2078 1099 2162 hospita,
1126 2075 1221 2140 tectis

355 2179 525 2264 acciperis:
549 2181 624 2245 solis
650 2182 770 2246 Tereus
796 2181 883 2246 ferus
911 2182 1022 2246 exulat
1047 2179 1141 2265 agris,

355 2282 512 2347 miramur
533 2284 646 2350 Troiae
671 2269 795 2350 cineres
821 2299 855 2351 et
880 2287 988 2352 flebile
1012 2286 1107 2350 uictis

356 2384 536 2468 Pergamon
559 2386 783 2471 extinctosque
806 2411 865 2452 suo
888 2389 1033 2473 Phrygas
1059 2389 1220 2453 Hectore:
1244 2409 1382 2473 paruum
1415 2402 1477 2469 590

355 2488 568 2572 conspicimus
592 2489 702 2574 magni
726 2491 892 2554 tumulum
915 2491 1025 2555 ducis:
1049 2491 1158 2554 hicet
1181 2490 1325 2554 Achilles

355 2590 492 2675 impiger
510 2598 549 2655 et
572 2592 679 2656 uictus
705 2593 816 2677 magni
839 2593 924 2658 iacet
948 2593 1099 2658 Hectoris
1125 2595 1218 2658 ultor.

356 2695 436 2779 quin
460 2696 560 2760 etiam
584 2696 700 2760 Graiae
725 2696 806 2762 fixos
830 2704 964 2763 tenuere
990 2700 1130 2764 tabellae

355 2797 506 2882 signaue:
528 2820 614 2863 nunc
637 2799 780 2884 Paphiae
802 2803 941 2867 rorantis
962 2812 1056 2888 patre
1082 2804 1199 2889 capilli,

355 2901 415 2964 sub
437 2909 528 2984 truce
552 2924 639 2966 nunc
662 2904 756 2987 parui
782 2905 932 2971 ludentes
957 2907 1110 2973 Colchide
1135 2907 1215 2985 nati,
1254 2957 1258 2968 .
1415 2918 1473 2986 595

355 3025 442 3068 nunc
463 3004 572 3069 tristes
595 3007 678 3072 circa
700 3007 865 3073 subiectae
887 3010 1003 3075 altaria
1023 3032 1138 3074 ceruae

355 3108 547 3192 uelatusque
571 3118 670 3194 pater,
695 3132 782 3175 nunc
806 3111 909 3195 gloria
931 3112 1010 3175 uiua
1032 3111 1174 3197 Myronis

354 3211 433 3276 haec
456 3221 489 3276 et
512 3212 578 3277 iam
601 3214 658 3278 illa
683 3238 817 3295 manus;
841 3237 975 3301 operum
997 3216 1178 3300 turbaeque
1203 3220 1379 3276 morantur.

420 3305 522 3380 vhaec
549 3317 685 3382 uisenda
707 3326 804 3402 putas
827 3327 915 3383 terra
940 3319 1122 3404 dubiusque
1146 3317 1314 3402 mariquel

267 3555 347 3620 Rooy.
381 3559 489 3608 materia
501 3555 526 3608 et
537 3560 679 3612 terrisuo.
746 3562 795 3613 574
812 3579 863 3614 av.
878 3566 902 3613 is
919 3566 975 3616 lert.
1010 3562 1146 3626 quaeuS'.
1181 3576 1259 3623 quet
1296 3556 1392 3620 (1¹10i8·
1426 3570 1476 3617 <1¹10

268 3630 361 3697 atys.
493 3635 540 3685 575
557 3635 752 3688 intersumusa
801 3639 978 3691 intersumoS.
1028 3644 1243 3702 transumereys.
1277 3631 1473 3692 interseritts'.

268 3709 317 3759 576
333 3707 386 3769 piei
396 3711 450 3760 Ed.
469 3711 615 3773 piisubt.
649 3713 748 3778 picus.
847 3717 895 3769 577
913 3719 1120 3777 sucraScolipcr.
1155 3728 1280 3763 saxoso.
1315 3711 1363 3761 579
1382 3709 1477 3770 Sparta

268 3783 440 3858 4457551594Ι
482 3801 632 3848 sparsose.
701 3785 836 3854 lygurgia,
970 3794 1018 3843 580
1034 3790 1132 3853 regenti
1144 3792 1265 3850 Scaliper.
1314 3787 1475 3837 recentius.

268 3857 501 3923 581⁰y⁰1⁰piuca
534 3864 737 3933 Athenaeyes‘.
776 3869 941 3922 athenisut.
1010 3869 1057 3918 589
1075 3867 1124 3917 soli
1136 3885 1161 3917 a.
1195 3863 1304 3916 suits'.
1339 3863 1474 3930 suayrs‘.

267 3934 316 3985 584
332 3935 481 3998 premittere
492 3958 518 3991 a.
568 3943 718 4003 promittere
729 3963 773 4011 γε.
825 3947 975 4008 permittere
986 3945 1027 4006 tt
1161 3943 1210 3992 586
1227 3944 1267 3991 est
1277 3941 1435 4004 phylomella
1447 3959 1472 3991 a

268 4013 428 4075 amphiloniu
439 4015 462 4065 8.
496 4017 705 4086 emphilomayc
740 4022 946 4084 amphionats‘.
1012 4023 1060 4073 587
1077 4021 1120 4068 En
1131 4021 1272 4070 uocatEd.
1305 4020 1472 4068 Euocatcu.

267 4087 316 4142 590
328 4091 539 4154 extinctusquea
571 4109 653 4150 suco.
682 4095 786 4148 'suosoa
817 4099 969 4148 haectorec.
1037 4098 1085 4147 591
1096 4097 1272 4147 tumultuma
1342 4096 1389 4146 592
1400 4095 1475 4144 haec-

266 4166 367 4219 torisa.
434 4163 481 4219 593
498 4164 800 4223 fixostenueretabellas
812 4177 900 4228 Aldus.
937 4173 1301 4224 fixastimueretabellasao.
1371 4172 1419 4222 594
1435 4171 1474 4222 si-

266 4240 444 4310 gnauecys‘.
496 4243 667 4309 Signanec't.
705 4247 916 4311 Signaqueets'.
965 4250 1111 4311 puflaeuo.
1161 4251 1278 4299 rorantes
1289 4251 1363 4312 patre
1371 4249 1474 4310 'Haupt

266 4324 381 4375 rorantia
391 4326 527 4386 partesue.
562 4328 678 4376 rorantes
690 4325 819 4386 partcts‘
820 4363 826 4374 .
869 4320 1031 4376 oamilliuo.
1068 4325 1238 4388 capillosts‘.
1340 4325 1387 4375 595
1404 4325 1474 4374 chol-

266 4402 403 4466 ohidecy.
450 4401 519 4451 ’596
536 4401 761 4452 subiectaeAldur.
797 4401 975 4454 subiecturus.
1066 4404 1114 4455 597
1130 4403 1259 4454 uiusoo.
1295 4417 1374 4453 uacca
1385 4400 1476 4464 Haupt

268 4479 329 4543 (aad
341 4479 484 4543 Schrader).
586 4479 634 4529 598
651 4480 723 4528 Haec
734 4481 785 4529 add
796 4483 850 4531 Ed.
898 4497 1001 4532 omno.
1053 4482 1122 4544 Quin
1133 4480 1242 4542 addtS‘
1243 4519 1249 4532 .
1291 4481 1327 4529 Et
1337 4481 1391 4529 ism
1403 4476 1475 4528 mille

267 4553 364 4620 Haupt.
398 4558 531 4607 morantur
543 4556 576 4607 ς.
610 4560 775 4610 moranterc.
811 4562 957 4609 morantem
968 4579 994 4611 ω.
1073 4561 1121 4611 599
1138 4563 1206 4611 terra
1218 4559 1269 4611 αδ.
1303 4557 1472 4624 tenaeyrs‘.
