3309 5167
840 393 844 400 '
865 401 884 447 2

364 547 556 616 a’uersumue
580 547 691 612 diemt
720 565 911 631 sparsumue
932 545 969 608 in
989 541 1115 610 semina
1135 544 1290 613 dentemt

277 687 279 692 .
363 652 523 737 quianon
544 649 693 735 periurae
715 646 820 711 doluit
841 644 1013 709 mendacia
1033 645 1161 731 puppis,

363 755 524 818 desertam
545 773 648 815 uacuo
671 747 817 813 Minoida
838 748 933 811 litore
955 751 1111 830 questusl

362 854 520 940 quicquid
542 854 578 916 in
600 851 717 936 antiqu

712 975 771 1016 um
792 952 914 1017 iactata
935 958 985 1016 est
1006 951 1117 1015 fabula
1139 973 1277 1017 carmen.

364 1059 479 1124 fortius
501 1058 629 1143 ignotas
651 1056 804 1120 molimur
824 1062 955 1141 pectore
977 1076 1089 1119 curas:

363 1161 423 1246 qui
444 1169 537 1226 tanto
560 1169 667 1224 motus
690 1157 787 1243 operi,
810 1179 894 1242 quae
916 1164 1010 1221 tanta
1031 1154 1167 1242 perenni

369 1368 508 1453 explicet
530 1367 565 1429 in
587 1365 725 1430 densum
746 1364 893 1428 flammas
916 1371 950 1428 et
972 1363 1084 1428 trudat
1106 1364 1148 1427 ab
1169 1363 1235 1427 imo

364 1470 491 1555 ingenti
512 1469 620 1534 sonitu
643 1468 743 1533 moles
766 1476 799 1532 et
820 1468 969 1553 proxima
990 1489 1139 1553 quaeque

364 1574 494 1659 ignibus
515 1573 643 1658 irriguis
665 1580 748 1650 urat,
771 1593 863 1635 mens
885 1571 1035 1635 carminis
1056 1572 1136 1635 haec
1159 1579 1220 1636 est.

450 1677 608 1763 principio
630 1695 671 1740 ne
694 1695 793 1761 quem
814 1676 921 1761 capiat
943 1674 1071 1740 fallacia
1090 1659 1216 1750 uatum,

364 1779 454 1846 sedes
476 1803 544 1845 esse
567 1780 619 1845 dei
642 1778 841 1864 tumidisque
863 1801 881 1843 e
904 1779 1051 1844 faucibus
1072 1778 1182 1865 ignem

365 1884 504 1948 Vulcani
526 1903 619 1948 ruere
642 1892 676 1948 et
699 1883 816 1949 clausis
838 1903 986 1948 resonare
1009 1882 1156 1947 cauernis

365 1986 551 2052 festinantis
573 2007 663 2074 opus.
702 2007 767 2052 non
790 1994 840 2051 est
861 1994 931 2051 tam
953 1985 1082 2050 sordida
1103 1985 1199 2050 diuis

366 2114 450 2166 eura,
473 2113 579 2177 neque
602 2100 761 2157 extremas
783 2091 834 2155 ius
856 2101 906 2156 est
928 2089 1101 2156 demittere
1122 2090 1159 2153 in
1181 2097 1266 2154 artes

365 2195 490 2262 sidera:
522 2195 680 2260 subducto
702 2201 840 2280 regnant
862 2194 1016 2258 sublimia
1037 2192 1124 2256 eaelo

365 2298 422 2362 illa
442 2319 548 2382 neque
571 2298 732 2362 artificum
755 2305 871 2361 curant
892 2303 1033 2361 tractare
1054 2295 1208 2360 laborem.

281 2473 288 2487 ,
366 2399 526 2481 discrepat
549 2421 569 2461 a
589 2399 694 2482 prima
716 2397 812 2461 facies
834 2398 915 2460 haec
937 2397 1039 2460 altera
1061 2403 1197 2460 uatum:

366 2498 430 2560 illis
453 2497 609 2583 Cyclopas
631 2505 812 2561 memorant
834 2495 1018 2560 fornacibus
1039 2517 1123 2574 usos,

366 2621 440 2663 cum
463 2619 559 2682 super
580 2597 731 2662 incudem
754 2619 926 2663 numerosa
946 2599 982 2662 in
1004 2600 1140 2664 uerbera
1160 2599 1259 2663 fortes

365 2699 560 2764 horrendum
581 2721 700 2785 magno
723 2709 896 2787 quaterent
918 2702 979 2766 sub
1000 2702 1143 2787 pondere
1164 2703 1298 2780 fulmen,

365 2813 593 2889 armarentque
616 2803 748 2870 Iouem:
771 2813 868 2890 turpe
891 2814 925 2870 et
946 2806 1016 2870 sine
1037 2805 1171 2891 pignore
1193 2826 1330 2871 carmen.

451 2907 599 2990 proxima
617 2908 751 2972 uiuaces
773 2907 914 2973 Aetnaei
935 2908 1068 2972 uerticis
1089 2908 1182 2993 ignes

366 3005 468 3091 impia
489 3008 641 3073 sollicitat
663 3007 849 3095 Phlegraeis
872 3009 983 3074 fabula
1004 3012 1124 3074 eastris.
1202 3079 1206 3085 ,

365 3119 577 3196 temptauere‚
600 3113 699 3190 nefas,
723 3113 800 3178 olim
823 3110 996 3178 detrudere
1017 3112 1140 3177 mundo

366 3215 471 3281 sidera
492 3217 677 3302 captiuique
700 3215 788 3283 Iouis
809 3215 983 3283 transferre
1005 3218 1153 3303 gigantes

367 3319 539 3403 imperium
561 3329 595 3385 et
616 3323 703 3386 uicto
725 3322 812 3407 leges
834 3322 990 3408 inponere
1013 3323 1108 3386 caelo.

366 3422 417 3484 his
439 3429 557 3484 natura
578 3442 637 3484 sua
659 3429 708 3485 est
730 3423 804 3485 aluo
825 3431 940 3488 tenus:
965 3423 1032 3485 ima
1054 3445 1112 3506 per
1134 3421 1226 3484 orbes

367 3543 540 3604 squameus
562 3521 698 3585 intortos
720 3524 830 3586 sinuat
851 3523 991 3606 uestigia
1013 3543 1153 3606 serpens.

368 3626 565 3687 construitur
585 3625 712 3708 magnis
733 3625 774 3688 ad
795 3624 919 3709 proelia
939 3625 1106 3689 montibus
1128 3644 1244 3709 agger:

367 3726 480 3790 Pelion
502 3727 583 3792 Ossa
604 3736 727 3812 grauat,
753 3751 899 3792 summus
922 3728 1042 3814 premit
1065 3728 1168 3793 Ossan
1190 3727 1357 3812 Olympus,

366 3825 433 3892 iam
457 3837 658 3894 coaceruatas
680 3830 832 3895 nituntur
855 3829 1008 3895 scandere
1031 3829 1151 3910 moles3
1444 3839 1486 3905 50

281 4047 313 4098 20
330 4048 527 4102 Anersumuea.
567 4051 782 4104 Aduersumueo.
826 4052 927 4104 semina
938 4055 1061 4115 Scaliger.
1102 4053 1202 4102 semine
1219 4066 1272 4102 co.
1379 4049 1413 4098 23
1429 4049 1452 4098 ts
1469 4063 1486 4098 c

274 4127 405 4188 fraysteat
416 4129 445 4190 of
454 4135 500 4176 two
511 4143 559 4178 vce.
626 4132 657 4180 25
670 4131 721 4194 Qui
732 4131 777 4191 at.
806 4131 871 4193 Quis
882 4150 909 4181 o.
927 4133 1002 4180 tanta
1012 4129 1120 4192 perenni
1131 4147 1184 4180 eo.
1212 4141 1290 4178 causa
1300 4126 1421 4190 perennis
1432 4126 1484 4187 15.

281 4203 562 4266 Ao.r‘tlortaster25.
710 4206 941 4268 &dimitterent
1025 4206 1194 4256 &subducto
1205 4221 1252 4270 (ιγ.
1312 4201 1484 4256 seductoSS’.

281 4295 313 4342 38
330 4292 473 4354 tortessS'.
509 4279 628 4361 rottesq
662 4295 824 4346 iontesata
888 4298 920 4346 39
937 4296 1037 4344 fulmen
1047 4313 1073 4345 o.
1109 4294 1208 4342 flumen
1219 4311 1245 4343 α.
1311 4292 1344 4341 40
1361 4293 1485 4341 ethcot.

281 4385 321 4433 eet
338 4399 390 4434 ao.
489 4383 521 4433 41
538 4367 642 4434 uindoes
662 4403 686 4436 a
735 4384 840 4434 aethnei
854 4403 879 4436 (a
979 4384 1012 4433 42
1029 4384 1145 4446 flegraeis
1163 4401 1187 4434 ο.
1288 4383 1321 4434 47
1336 4383 1483 4432 intortasa

280 4459 394 4511 intortus
404 4475 431 4510 a.
517 4461 752 4513 49·Petoniossaa.
797 4465 888 4525 mouet
898 4465 977 4514 Jacob
988 4465 1051 4524 corn.
1084 4457 1215 4512 mentae.
1256 4459 1317 4510 terit
1329 4458 1355 4509 θ’
1356 4492 1363 4509 .
1412 4458 1485 4508 olim-
